<record><header><identifier>oai:alma.41SLSP_UGE:991000003529705502</identifier><datestamp>2023-03-01T01:08:52Z</datestamp><setSpec>uge_bcen_RapidILL_BOOK</setSpec><setSpec>uge_aaca_RapidILL_BOOK</setSpec><setSpec>uge_abels_RapidILL_BOOK</setSpec><setSpec>uge_dbu_RapidILL_BOOK</setSpec><setSpec>uge_cmu_RapidILL_BOOK</setSpec><setSpec>uge_mail_RapidILL_BOOK</setSpec><setSpec>UNIGE_ALL</setSpec><setSpec>uge_abbat_RapidILL_BOOK</setSpec><setSpec>uge_aobs_RapidILL_BOOK</setSpec><setSpec>uge_acar_RapidILL_BOOK</setSpec></header><metadata>
<record xmlns="http://www.loc.gov/MARC21/slim" xmlns:xsi="http://www.w3.org/2001/XMLSchema-instance" xsi:schemaLocation="http://www.loc.gov/MARC21/slim http://www.loc.gov/standards/marcxml/schema/MARC21slim.xsd"><leader>01106nam a2200313 c 4500</leader><controlfield tag="001">991000003529705502</controlfield><controlfield tag="005">20201126054115.0</controlfield><controlfield tag="008">201008s1873    fr ||||| m||| 00| ||fre d</controlfield><datafield ind1="7" ind2=" " tag="024"><subfield code="a">http://catalogue.bnf.fr/ark:/12148/cb36908150h</subfield><subfield code="2">uri</subfield></datafield><datafield ind1=" " ind2=" " tag="035"><subfield code="a">(swissbib)106080520-41slsp_network</subfield></datafield><datafield ind1=" " ind2=" " tag="035"><subfield code="a">106080520</subfield><subfield code="9">ExL</subfield></datafield><datafield ind1=" " ind2=" " tag="035"><subfield code="a">(RERO)R004596295-41slsp</subfield></datafield><datafield ind1=" " ind2=" " tag="035"><subfield code="a">(EXLNZ-41SLSP_NETWORK)991112417879705501</subfield></datafield><datafield ind1=" " ind2=" " tag="040"><subfield code="a">SZ-GeWHO</subfield><subfield code="d">CH-ZuSLS</subfield></datafield><datafield ind1=" " ind2="4" tag="060"><subfield code="a">W 4</subfield></datafield><datafield ind1=" " ind2="7" tag="072"><subfield code="a">me</subfield><subfield code="2">rero</subfield></datafield><datafield ind1="1" ind2=" " tag="100"><subfield code="a">Marchand, Ernest</subfield><subfield code="d">1870-1902</subfield><subfield code="0">(IDREF)058503064</subfield><subfield code="4">cre</subfield></datafield><datafield ind1="1" ind2="0" tag="245"><subfield code="a">Etude historique et nosologique sur quelques épidémies et endémies du Moyen Age</subfield><subfield code="b">thèse pour le doctorat en médecine présentée et soutenue le 9 juillet 1873</subfield><subfield code="c">par Ernest Marchand</subfield></datafield><datafield ind1=" " ind2="1" tag="264"><subfield code="a">Paris</subfield><subfield code="b">A. Parent</subfield><subfield code="c">1873</subfield></datafield><datafield ind1=" " ind2=" " tag="300"><subfield code="a">112 p</subfield></datafield><datafield ind1=" " ind2=" " tag="336"><subfield code="b">txt</subfield><subfield code="2">rdacontent</subfield></datafield><datafield ind1=" " ind2=" " tag="337"><subfield code="b">n</subfield><subfield code="2">rdamedia</subfield></datafield><datafield ind1=" " ind2=" " tag="338"><subfield code="b">nc</subfield><subfield code="2">rdacarrier</subfield></datafield><datafield ind1=" " ind2=" " tag="502"><subfield code="a">Thesis (doctoral) - Faculté de Médecine, Paris, 1873</subfield></datafield><datafield ind1=" " ind2="2" tag="650"><subfield code="a">Disease Outbreaks</subfield><subfield code="x">history</subfield></datafield><datafield ind1=" " ind2="2" tag="650"><subfield code="a">Epidemiology</subfield><subfield code="x">history</subfield></datafield><datafield ind1=" " ind2="2" tag="650"><subfield code="a">History, Medieval</subfield></datafield><datafield ind1=" " ind2="2" tag="650"><subfield code="a">Leprosy</subfield><subfield code="x">history</subfield></datafield><datafield ind1=" " ind2="2" tag="655"><subfield code="a">Academic Dissertation</subfield></datafield><datafield ind1=" " ind2=" " tag="900"><subfield code="a">REROnoselfmerge</subfield></datafield><datafield ind1=" " ind2=" " tag="990"><subfield code="a">donomshim</subfield><subfield code="9">LOCAL</subfield></datafield></record>
</metadata></record>