<record><header><identifier>oai:alma.41SLSP_UGE:991000026479705502</identifier><datestamp>2024-10-18T00:18:10Z</datestamp><setSpec>uge_bcen_RapidILL_BOOK</setSpec><setSpec>uge_aaca_RapidILL_BOOK</setSpec><setSpec>uge_abels_RapidILL_BOOK</setSpec><setSpec>uge_dbu_RapidILL_BOOK</setSpec><setSpec>uge_cmu_RapidILL_BOOK</setSpec><setSpec>uge_mail_RapidILL_BOOK</setSpec><setSpec>uge_abbat_RapidILL_BOOK</setSpec><setSpec>UNIGE_ALL</setSpec><setSpec>uge_aobs_RapidILL_BOOK</setSpec><setSpec>uge_acar_RapidILL_BOOK</setSpec></header><metadata>
<record xmlns="http://www.loc.gov/MARC21/slim" xmlns:xsi="http://www.w3.org/2001/XMLSchema-instance" xsi:schemaLocation="http://www.loc.gov/MARC21/slim http://www.loc.gov/standards/marcxml/schema/MARC21slim.xsd"><leader>02060nam a2200565 c 4500</leader><controlfield tag="001">991000026479705502</controlfield><controlfield tag="005">20230224180754.0</controlfield><controlfield tag="008">201011s1981    sz ||||| |||| 00| ||fre d</controlfield><datafield ind1=" " ind2=" " tag="035"><subfield code="a">(swissbib)221597859-41slsp_network</subfield></datafield><datafield ind1=" " ind2=" " tag="035"><subfield code="a">221597859</subfield><subfield code="9">ExL</subfield></datafield><datafield ind1=" " ind2=" " tag="035"><subfield code="a">(RERO)0403261-41slsp</subfield></datafield><datafield ind1=" " ind2=" " tag="035"><subfield code="a">(NEBIS)000256334EBI01</subfield></datafield><datafield ind1=" " ind2=" " tag="035"><subfield code="a">(IDSBB)000151488DSV01</subfield></datafield><datafield ind1=" " ind2=" " tag="035"><subfield code="a">(EXLNZ-41SLSP_NETWORK)991080651409705501</subfield></datafield><datafield ind1=" " ind2=" " tag="040"><subfield code="a">RERO</subfield><subfield code="d">CH-ZuSLS</subfield></datafield><datafield ind1=" " ind2=" " tag="044"><subfield code="a">sz</subfield><subfield code="c">ch-ne</subfield></datafield><datafield ind1=" " ind2="7" tag="072"><subfield code="a">py</subfield><subfield code="2">rero</subfield></datafield><datafield ind1=" " ind2="7" tag="072"><subfield code="a">py</subfield><subfield code="2">SzZuIDS BS/BE</subfield></datafield><datafield ind1="0" ind2="4" tag="082"><subfield code="a">530.12</subfield><subfield code="2">21</subfield></datafield><datafield ind1="0" ind2="4" tag="082"><subfield code="a">530.1 2</subfield><subfield code="2">19</subfield></datafield><datafield ind1="1" ind2="4" tag="082"><subfield code="a">530</subfield><subfield code="2">15</subfield></datafield><datafield ind1="1" ind2=" " tag="100"><subfield code="a">Amiet, Jean-Pierre</subfield><subfield code="d">1932-....</subfield><subfield code="0">(IDREF)069451311</subfield><subfield code="4">cre</subfield></datafield><datafield ind1="1" ind2="0" tag="245"><subfield code="a">Mécaniques classique et quantique dans l'espace de phase</subfield><subfield code="c">J.P. Amiet et P. Huguenin</subfield></datafield><datafield ind1=" " ind2="1" tag="264"><subfield code="a">Neuchâtel</subfield><subfield code="b">Univ. de Neuchâtel Secrétariat de l'Institut de physique [diff.]</subfield><subfield code="c">1981</subfield></datafield><datafield ind1=" " ind2=" " tag="300"><subfield code="a">VIII, 312 p.</subfield><subfield code="c">21 cm</subfield><subfield code="b">fig.; tab.; diagr.</subfield></datafield><datafield ind1=" " ind2=" " tag="336"><subfield code="b">txt</subfield><subfield code="2">rdacontent</subfield></datafield><datafield ind1=" " ind2=" " tag="337"><subfield code="b">n</subfield><subfield code="2">rdamedia</subfield></datafield><datafield ind1=" " ind2=" " tag="338"><subfield code="b">nc</subfield><subfield code="2">rdacarrier</subfield></datafield><datafield ind1=" " ind2=" " tag="500"><subfield code="a">Titre au dos: Espace de phase</subfield></datafield><datafield ind1=" " ind2=" " tag="504"><subfield code="a">Bibliogr.: p. 301-308</subfield></datafield><datafield ind1=" " ind2="7" tag="650"><subfield code="a">espace de phases</subfield><subfield code="0">(RERO)A010080118</subfield><subfield code="2">rerovoc</subfield></datafield><datafield ind1=" " ind2="7" tag="650"><subfield code="a">mécanique (physique)</subfield><subfield code="0">(RERO)A010115356</subfield><subfield code="2">rerovoc</subfield></datafield><datafield ind1=" " ind2="7" tag="650"><subfield code="a">Théorie quantique</subfield><subfield code="0">(IDREF)02731569X</subfield><subfield code="2">idref</subfield></datafield><datafield ind1=" " ind2="7" tag="650"><subfield code="a">Mechanik</subfield><subfield code="0">(DE-588)4038168-7</subfield><subfield code="2">gnd</subfield></datafield><datafield ind1=" " ind2="7" tag="650"><subfield code="a">Phasenraum</subfield><subfield code="0">(DE-588)4139912-2</subfield><subfield code="2">gnd</subfield></datafield><datafield ind1=" " ind2="7" tag="650"><subfield code="a">Quantenmechanik</subfield><subfield code="0">(DE-588)4047989-4</subfield><subfield code="2">gnd</subfield></datafield><datafield ind1=" " ind2="0" tag="650"><subfield code="a">Mechanics</subfield></datafield><datafield ind1=" " ind2="0" tag="650"><subfield code="a">Phase transformations (Statistical physics)</subfield></datafield><datafield ind1=" " ind2="0" tag="650"><subfield code="a">Quantum theory</subfield></datafield><datafield ind1=" " ind2="7" tag="650"><subfield code="a">HAMILTONSCHE GLEICHUNGEN, HAMILTONSCHER FORMALISMUS (MECHANIK)</subfield><subfield code="9">ger</subfield><subfield code="0">(ETHUDK)000014344</subfield><subfield code="2">ethudk</subfield></datafield><datafield ind1=" " ind2="7" tag="650"><subfield code="a">QUANTENTHEORIE</subfield><subfield code="9">ger</subfield><subfield code="0">(ETHUDK)000014266</subfield><subfield code="2">ethudk</subfield></datafield><datafield ind1=" " ind2="7" tag="650"><subfield code="a">Quantenphysik</subfield><subfield code="2">idsbb</subfield></datafield><datafield ind1=" " ind2="7" tag="650"><subfield code="a">Phasenraum</subfield><subfield code="2">idsbb</subfield></datafield><datafield ind1=" " ind2="4" tag="650"><subfield code="a">Mechanik</subfield></datafield><datafield ind1=" " ind2="4" tag="650"><subfield code="a">Phasenraum</subfield></datafield><datafield ind1=" " ind2="4" tag="650"><subfield code="a">Quantenmechanik</subfield></datafield><datafield ind1=" " ind2=" " tag="690"><subfield code="a">Mechanik</subfield><subfield code="2">uzb-Z9</subfield></datafield><datafield ind1="1" ind2="2" tag="700"><subfield code="a">Amiet, Jean-Pierre</subfield><subfield code="t">Espace de phase</subfield></datafield><datafield ind1="1" ind2="2" tag="700"><subfield code="a">Huguenin, Pierre</subfield><subfield code="c">Professeur</subfield><subfield code="t">Espace de phase</subfield></datafield><datafield ind1="1" ind2=" " tag="700"><subfield code="a">Huguenin, Pierre</subfield><subfield code="c">professeur</subfield><subfield code="d">19..-....</subfield><subfield code="0">(IDREF)175916411</subfield></datafield><datafield ind1=" " ind2=" " tag="900"><subfield code="a">REROnoselfmerge</subfield></datafield></record>
</metadata></record>