<record><header><identifier>oai:alma.41SLSP_UGE:991000004149705502</identifier><datestamp>2023-03-01T01:08:52Z</datestamp><setSpec>uge_cmu_RapidILL_JOURNAL</setSpec><setSpec>uge_aobs_RapidILL_JOURNAL</setSpec><setSpec>uge_aaca_RapidILL_JOURNAL</setSpec><setSpec>uge_bcen_RapidILL_JOURNAL</setSpec><setSpec>uge_abbat_RapidILL_JOURNAL</setSpec><setSpec>uge_mail_RapidILL_JOURNAL</setSpec><setSpec>uge_dbu_RapidILL_JOURNAL</setSpec><setSpec>UNIGE_ALL</setSpec><setSpec>uge_abels_RapidILL_JOURNAL</setSpec><setSpec>uge_acar_RapidILL_JOURNAL</setSpec></header><metadata>
<record xmlns="http://www.loc.gov/MARC21/slim" xmlns:xsi="http://www.w3.org/2001/XMLSchema-instance" xsi:schemaLocation="http://www.loc.gov/MARC21/slim http://www.loc.gov/standards/marcxml/schema/MARC21slim.xsd"><leader>00999nas a2200277 c 4500</leader><controlfield tag="001">991000004149705502</controlfield><controlfield tag="005">20201225191409.0</controlfield><controlfield tag="008">860217d19571963ag || p|  ||| 0    0spa d</controlfield><datafield ind1=" " ind2=" " tag="035"><subfield code="a">(swissbib)08058487X-41slsp_network</subfield></datafield><datafield ind1=" " ind2=" " tag="035"><subfield code="a">08058487X</subfield><subfield code="9">ExL</subfield></datafield><datafield ind1=" " ind2=" " tag="035"><subfield code="a">(RERO)0682943-41slsp</subfield></datafield><datafield ind1=" " ind2=" " tag="035"><subfield code="a">(EXLNZ-41SLSP_NETWORK)991134825129705501</subfield></datafield><datafield ind1=" " ind2=" " tag="040"><subfield code="a">RERO geudbu</subfield><subfield code="d">CH-ZuSLS</subfield></datafield><datafield ind1=" " ind2="7" tag="072"><subfield code="a">me</subfield><subfield code="2">rero</subfield></datafield><datafield ind1="0" ind2="0" tag="245"><subfield code="a">Revista de investigationes ganaderas</subfield><subfield code="b">RIG</subfield><subfield code="c">Instituto nacional de tecnología agropecuaria</subfield></datafield><datafield ind1="1" ind2=" " tag="246"><subfield code="a">RIG</subfield></datafield><datafield ind1=" " ind2="1" tag="264"><subfield code="a">Buenos Aires</subfield><subfield code="b">Instituto nacional de tecnología agropecuaria</subfield></datafield><datafield ind1=" " ind2=" " tag="300"><subfield code="c">26 cm</subfield></datafield><datafield ind1=" " ind2=" " tag="310"><subfield code="a">Trimestriel</subfield></datafield><datafield ind1=" " ind2=" " tag="336"><subfield code="b">txt</subfield><subfield code="2">rdacontent</subfield></datafield><datafield ind1=" " ind2=" " tag="337"><subfield code="b">n</subfield><subfield code="2">rdamedia</subfield></datafield><datafield ind1=" " ind2=" " tag="338"><subfield code="b">nc</subfield><subfield code="2">rdacarrier</subfield></datafield><datafield ind1="0" ind2=" " tag="362"><subfield code="a">1(1957)-18(1963)</subfield></datafield><datafield ind1=" " ind2=" " tag="580"><subfield code="a">Devient: Revista de investigaciones agropecuarias. Serie 4, Patologia animal</subfield></datafield><datafield ind1="2" ind2=" " tag="710"><subfield code="a">Instituto nacional de tecnología agropecuaria</subfield><subfield code="g">Argentine</subfield><subfield code="0">(IDREF)033001367</subfield></datafield><datafield ind1="0" ind2="0" tag="785"><subfield code="t">Revista de investigaciones agropecuarias. Serie 4, Patologia animal</subfield></datafield><datafield ind1=" " ind2=" " tag="900"><subfield code="a">REROnoselfmerge</subfield></datafield></record>
</metadata></record>