<record><header><identifier>oai:alma.41SLSP_UGE:991000003549705502</identifier><datestamp>2024-03-08T01:23:23Z</datestamp><setSpec>uge_bcen_RapidILL_BOOK</setSpec><setSpec>uge_aaca_RapidILL_BOOK</setSpec><setSpec>uge_abels_RapidILL_BOOK</setSpec><setSpec>uge_dbu_RapidILL_BOOK</setSpec><setSpec>uge_cmu_RapidILL_BOOK</setSpec><setSpec>uge_mail_RapidILL_BOOK</setSpec><setSpec>uge_abbat_RapidILL_BOOK</setSpec><setSpec>UNIGE_ALL</setSpec><setSpec>uge_acar_RapidILL_BOOK</setSpec><setSpec>uge_aobs_RapidILL_BOOK</setSpec></header><metadata>
<record xmlns="http://www.loc.gov/MARC21/slim" xmlns:xsi="http://www.w3.org/2001/XMLSchema-instance" xsi:schemaLocation="http://www.loc.gov/MARC21/slim http://www.loc.gov/standards/marcxml/schema/MARC21slim.xsd"><leader>02155nam a2200553 c 4500</leader><controlfield tag="001">991000003549705502</controlfield><controlfield tag="005">20240307234721.0</controlfield><controlfield tag="008">201011s1954    sz ||||| |||| 00| ||ger d</controlfield><datafield ind1=" " ind2=" " tag="035"><subfield code="a">(swissbib)217454755-41slsp_network</subfield></datafield><datafield ind1=" " ind2=" " tag="035"><subfield code="a">217454755</subfield><subfield code="9">ExL</subfield></datafield><datafield ind1=" " ind2=" " tag="035"><subfield code="a">(RERO)1056441-41slsp</subfield></datafield><datafield ind1=" " ind2=" " tag="035"><subfield code="a">(NEBIS)008335240EBI01</subfield></datafield><datafield ind1=" " ind2=" " tag="035"><subfield code="a">(IDSLU)000220588ILU01</subfield></datafield><datafield ind1=" " ind2=" " tag="035"><subfield code="a">(IDSBB)004052948DSV01</subfield></datafield><datafield ind1=" " ind2=" " tag="035"><subfield code="a">(SLB)vtls000627473</subfield></datafield><datafield ind1=" " ind2=" " tag="035"><subfield code="a">(ABN)000409530ABN01</subfield></datafield><datafield ind1=" " ind2=" " tag="035"><subfield code="a">(EXLNZ-41SLSP_NETWORK)991084745319705501</subfield></datafield><datafield ind1=" " ind2=" " tag="040"><subfield code="a">RERO geudbu</subfield><subfield code="d">CH-ZuSLS</subfield></datafield><datafield ind1=" " ind2="7" tag="072"><subfield code="a">ps</subfield><subfield code="2">rero</subfield></datafield><datafield ind1=" " ind2=" " tag="084"><subfield code="a">CS 3000</subfield><subfield code="2">rvk</subfield></datafield><datafield ind1=" " ind2=" " tag="084"><subfield code="a">CT 1000</subfield><subfield code="2">rvk</subfield></datafield><datafield ind1=" " ind2=" " tag="084"><subfield code="a">CT 1500</subfield><subfield code="2">rvk</subfield></datafield><datafield ind1=" " ind2=" " tag="084"><subfield code="a">YH 1700</subfield><subfield code="2">rvk</subfield></datafield><datafield ind1="1" ind2=" " tag="100"><subfield code="a">Kramer, Josefine</subfield><subfield code="d">1906-1994</subfield><subfield code="0">(DE-588)132454815</subfield><subfield code="6">880-01</subfield></datafield><datafield ind1="1" ind2=" " tag="880"><subfield code="6">100-01</subfield><subfield code="a">Kramer, Josefine</subfield><subfield code="0">(IDREF)077370309</subfield><subfield code="4">cre</subfield></datafield><datafield ind1="1" ind2=" " tag="880"><subfield code="a">Kramer, Josefine</subfield><subfield code="0">(DE-588)187929211</subfield><subfield code="6">100-01</subfield></datafield><datafield ind1="1" ind2="0" tag="245"><subfield code="a">Intelligenztest</subfield><subfield code="b">mit einer Einführung in Theorie und Praxis der Intelligenzprüfung : Textband</subfield><subfield code="c">Josefine Kramer</subfield></datafield><datafield ind1=" " ind2="1" tag="264"><subfield code="a">Solothurn</subfield><subfield code="b">St.-Antonius Verl.</subfield><subfield code="c">1954</subfield></datafield><datafield ind1=" " ind2=" " tag="300"><subfield code="a">287 p.</subfield><subfield code="b">ill.</subfield><subfield code="c">25 cm</subfield></datafield><datafield ind1=" " ind2=" " tag="336"><subfield code="b">txt</subfield><subfield code="2">rdacontent</subfield></datafield><datafield ind1=" " ind2=" " tag="337"><subfield code="b">n</subfield><subfield code="2">rdamedia</subfield></datafield><datafield ind1=" " ind2=" " tag="338"><subfield code="b">nc</subfield><subfield code="2">rdacarrier</subfield></datafield><datafield ind1="1" ind2=" " tag="490"><subfield code="a">Arbeiten zur Psychologie, Pädagogik und Heilpädagogik</subfield><subfield code="v">Bd. 5</subfield></datafield><datafield ind1=" " ind2=" " tag="504"><subfield code="a">Literaturverz. S. 251 - 278</subfield></datafield><datafield ind1="0" ind2="7" tag="630"><subfield code="a">Kramer-Test</subfield><subfield code="0">(DE-588)4203334-2</subfield><subfield code="2">gnd</subfield></datafield><datafield ind1=" " ind2="7" tag="650"><subfield code="a">Test</subfield><subfield code="0">(DE-588)4059549-3</subfield><subfield code="2">gnd</subfield></datafield><datafield ind1=" " ind2="7" tag="650"><subfield code="a">Intelligenztest</subfield><subfield code="0">(DE-588)4027254-0</subfield><subfield code="2">gnd</subfield></datafield><datafield ind1=" " ind2="7" tag="650"><subfield code="a">Leistungsfähigkeit</subfield><subfield code="0">(DE-588)4035236-5</subfield><subfield code="2">gnd</subfield></datafield><datafield ind1=" " ind2="7" tag="650"><subfield code="a">Kind</subfield><subfield code="g">3-15 Jahre</subfield><subfield code="0">(DE-588)4424554-3</subfield><subfield code="2">gnd</subfield></datafield><datafield ind1=" " ind2=" " tag="690"><subfield code="a">Intelligenztest</subfield><subfield code="2">nebis-E4</subfield></datafield><datafield ind1=" " ind2=" " tag="690"><subfield code="a">Leistungsfähigkeit</subfield><subfield code="2">nebis-E4</subfield></datafield><datafield ind1=" " ind2=" " tag="690"><subfield code="a">Kind (3-15 Jahre)</subfield><subfield code="2">nebis-E4</subfield></datafield><datafield ind1=" " ind2=" " tag="690"><subfield code="a">Test</subfield><subfield code="2">zph-VW</subfield></datafield><datafield ind1=" " ind2=" " tag="690"><subfield code="a">Intellekt, B: Test</subfield><subfield code="2">rzs-L1</subfield></datafield><datafield ind1=" " ind2=" " tag="690"><subfield code="a">Intelligenztest. A.D.</subfield><subfield code="2">rzs-L1</subfield></datafield><datafield ind1=" " ind2=" " tag="690"><subfield code="a">Tests, B: Intelligenztest</subfield><subfield code="2">rzs-L1</subfield></datafield><datafield ind1=" " ind2=" " tag="830"><subfield code="a">Arbeiten zur Psychologie, Pädagogik und Heilpädagogik</subfield><subfield code="v">5</subfield><subfield code="w">(IDSBB)000217681DSV01</subfield></datafield><datafield ind1=" " ind2=" " tag="830"><subfield code="a">Arbeiten zur Psychologie, Pädagogik und Heilpädagogik</subfield><subfield code="v">5</subfield><subfield code="w">(IDSLU)000132829ILU01</subfield></datafield><datafield ind1=" " ind2=" " tag="830"><subfield code="a">Arbeiten zur Psychologie, Pädagogik und Heilpädagogik</subfield><subfield code="v">5</subfield><subfield code="w">(RERO)0032647-41slsp</subfield></datafield><datafield ind1=" " ind2=" " tag="900"><subfield code="a">REROnoselfmerge</subfield></datafield></record>
</metadata></record>