<record><header><identifier>oai:alma.41SLSP_UGE:991000026469705502</identifier><datestamp>2024-05-20T00:17:20Z</datestamp><setSpec>uge_bcen_RapidILL_BOOK</setSpec><setSpec>uge_aaca_RapidILL_BOOK</setSpec><setSpec>uge_abels_RapidILL_BOOK</setSpec><setSpec>uge_dbu_RapidILL_BOOK</setSpec><setSpec>uge_cmu_RapidILL_BOOK</setSpec><setSpec>uge_mail_RapidILL_BOOK</setSpec><setSpec>uge_abbat_RapidILL_BOOK</setSpec><setSpec>UNIGE_ALL</setSpec><setSpec>uge_aobs_RapidILL_BOOK</setSpec><setSpec>uge_acar_RapidILL_BOOK</setSpec></header><metadata>
<record xmlns="http://www.loc.gov/MARC21/slim" xmlns:xsi="http://www.w3.org/2001/XMLSchema-instance" xsi:schemaLocation="http://www.loc.gov/MARC21/slim http://www.loc.gov/standards/marcxml/schema/MARC21slim.xsd"><leader>01958nam a2200505 c 4500</leader><controlfield tag="001">991000026469705502</controlfield><controlfield tag="005">20230119203037.0</controlfield><controlfield tag="008">201011s1975    gw ||||| |||| 00| ||eng d</controlfield><datafield ind1=" " ind2=" " tag="020"><subfield code="a">3487058324</subfield></datafield><datafield ind1=" " ind2=" " tag="035"><subfield code="a">(swissbib)229041205-41slsp_network</subfield></datafield><datafield ind1=" " ind2=" " tag="035"><subfield code="a">229041205</subfield><subfield code="9">ExL</subfield></datafield><datafield ind1=" " ind2=" " tag="035"><subfield code="a">(RERO)0080460-41slsp</subfield></datafield><datafield ind1=" " ind2=" " tag="035"><subfield code="a">(NEBIS)000074515EBI01</subfield></datafield><datafield ind1=" " ind2=" " tag="035"><subfield code="a">(IDSBB)001715294DSV01</subfield></datafield><datafield ind1=" " ind2=" " tag="035"><subfield code="a">(EXLNZ-41SLSP_NETWORK)991037145739705501</subfield></datafield><datafield ind1=" " ind2=" " tag="040"><subfield code="a">RERO</subfield><subfield code="d">CH-ZuSLS</subfield></datafield><datafield ind1=" " ind2="7" tag="072"><subfield code="a">ph</subfield><subfield code="2">rero</subfield></datafield><datafield ind1="0" ind2="4" tag="082"><subfield code="a">570.1</subfield><subfield code="2">22</subfield></datafield><datafield ind1="0" ind2="4" tag="082"><subfield code="a">591</subfield></datafield><datafield ind1="1" ind2="4" tag="082"><subfield code="a">591</subfield></datafield><datafield ind1=" " ind2=" " tag="084"><subfield code="a">CD 2065</subfield><subfield code="2">rvk</subfield></datafield><datafield ind1=" " ind2=" " tag="084"><subfield code="a">CD 2067</subfield><subfield code="2">rvk</subfield></datafield><datafield ind1="1" ind2=" " tag="100"><subfield code="a">Preus, Anthony</subfield><subfield code="d">1936-....</subfield><subfield code="0">(IDREF)028569458</subfield><subfield code="4">cre</subfield></datafield><datafield ind1="1" ind2="0" tag="245"><subfield code="a">Science and philosophy in Aristotle's biological works</subfield><subfield code="c">Anthony Preus</subfield></datafield><datafield ind1=" " ind2="1" tag="264"><subfield code="a">Hildesheim</subfield><subfield code="a">New York</subfield><subfield code="b">G. Olms</subfield><subfield code="c">1975</subfield></datafield><datafield ind1=" " ind2=" " tag="300"><subfield code="a">IX, 404 p.</subfield><subfield code="c">25 cm</subfield></datafield><datafield ind1=" " ind2=" " tag="336"><subfield code="b">txt</subfield><subfield code="2">rdacontent</subfield></datafield><datafield ind1=" " ind2=" " tag="337"><subfield code="b">n</subfield><subfield code="2">rdamedia</subfield></datafield><datafield ind1=" " ind2=" " tag="338"><subfield code="b">nc</subfield><subfield code="2">rdacarrier</subfield></datafield><datafield ind1="1" ind2=" " tag="490"><subfield code="a">Studien und Materialien zur Geschichte der Philosophie : kleine Reihe</subfield><subfield code="v">Bd 1</subfield></datafield><datafield ind1="0" ind2="7" tag="600"><subfield code="a">Aristote</subfield><subfield code="c">philosophe</subfield><subfield code="d">0384-0322 av. J.-C.</subfield><subfield code="0">(IDREF)026690276</subfield><subfield code="2">idref</subfield></datafield><datafield ind1="0" ind2="7" tag="600"><subfield code="a">Aristoteles</subfield><subfield code="d">v384-v322</subfield><subfield code="0">(DE-588)118650130</subfield><subfield code="2">gnd</subfield></datafield><datafield ind1="0" ind2="0" tag="600"><subfield code="a">Aristotle</subfield></datafield><datafield ind1=" " ind2="7" tag="650"><subfield code="a">Philosophie</subfield><subfield code="0">(IDREF)027295206</subfield><subfield code="2">idref</subfield></datafield><datafield ind1=" " ind2="7" tag="650"><subfield code="a">Sciences</subfield><subfield code="0">(IDREF)027248275</subfield><subfield code="2">idref</subfield></datafield><datafield ind1=" " ind2="7" tag="650"><subfield code="a">Biologie</subfield><subfield code="0">(DE-588)4006851-1</subfield><subfield code="2">gnd</subfield></datafield><datafield ind1=" " ind2="7" tag="650"><subfield code="a">Naturphilosophie</subfield><subfield code="0">(DE-588)4041408-5</subfield><subfield code="2">gnd</subfield></datafield><datafield ind1=" " ind2="7" tag="650"><subfield code="a">Naturwissenschaften</subfield><subfield code="0">(DE-588)4041421-8</subfield><subfield code="2">gnd</subfield></datafield><datafield ind1=" " ind2="0" tag="650"><subfield code="a">Biology</subfield><subfield code="x">Philosophy</subfield></datafield><datafield ind1=" " ind2="7" tag="650"><subfield code="a">BIOLOGIE</subfield><subfield code="9">ger</subfield><subfield code="0">(ETHUDK)000021196</subfield><subfield code="2">ethudk</subfield></datafield><datafield ind1=" " ind2="7" tag="650"><subfield code="a">NATURPHILOSOPHIE + KOSMOLOGIE</subfield><subfield code="9">ger</subfield><subfield code="0">(ETHUDK)000009391</subfield><subfield code="2">ethudk</subfield></datafield><datafield ind1=" " ind2="7" tag="650"><subfield code="a">PHILOSOPHIE DER BIOLOGIE</subfield><subfield code="9">ger</subfield><subfield code="0">(ETHUDK)000046658</subfield><subfield code="2">ethudk</subfield></datafield><datafield ind1=" " ind2=" " tag="690"><subfield code="a">Biologie / Verhältnis zu einzelnen Faktoren / Philosophie / 1950- ersch.</subfield><subfield code="2">uzb-Z9</subfield></datafield><datafield ind1=" " ind2=" " tag="690"><subfield code="a">Philosophie / Verhältnis zu einzelnen Faktoren / Biologie</subfield><subfield code="2">uzb-Z9</subfield></datafield><datafield ind1=" " ind2=" " tag="830"><subfield code="a">Studien und Materialien zur Geschichte der Philosophie</subfield><subfield code="p">Kleine Reihe</subfield><subfield code="v">1</subfield><subfield code="w">(NEBIS)001714753EBI01</subfield></datafield><datafield ind1=" " ind2=" " tag="900"><subfield code="a">REROnoselfmerge</subfield></datafield></record>
</metadata></record>