<record><header><identifier>oai:alma.41SLSP_UGE:991000003859705502</identifier><datestamp>2023-06-20T00:26:14Z</datestamp><setSpec>uge_bcen_RapidILL_BOOK</setSpec><setSpec>uge_aaca_RapidILL_BOOK</setSpec><setSpec>uge_abels_RapidILL_BOOK</setSpec><setSpec>uge_dbu_RapidILL_BOOK</setSpec><setSpec>uge_cmu_RapidILL_BOOK</setSpec><setSpec>uge_mail_RapidILL_BOOK</setSpec><setSpec>uge_abbat_RapidILL_BOOK</setSpec><setSpec>UNIGE_ALL</setSpec><setSpec>uge_aobs_RapidILL_BOOK</setSpec><setSpec>uge_acar_RapidILL_BOOK</setSpec></header><metadata>
<record xmlns="http://www.loc.gov/MARC21/slim" xmlns:xsi="http://www.w3.org/2001/XMLSchema-instance" xsi:schemaLocation="http://www.loc.gov/MARC21/slim http://www.loc.gov/standards/marcxml/schema/MARC21slim.xsd"><leader>02311nam a2200613 ca4500</leader><controlfield tag="001">991000003859705502</controlfield><controlfield tag="005">20230619205439.0</controlfield><controlfield tag="008">201011s2009    xxu||||| |||| 00| ||eng d</controlfield><datafield ind1=" " ind2=" " tag="015"><subfield code="a">GBA868762</subfield><subfield code="2">bnb</subfield></datafield><datafield ind1="7" ind2=" " tag="016"><subfield code="a">B2994-001406</subfield><subfield code="2">SzZuIDS</subfield></datafield><datafield ind1=" " ind2=" " tag="020"><subfield code="a">9781412947091</subfield><subfield code="q">hbk.</subfield><subfield code="c">£475.00</subfield></datafield><datafield ind1=" " ind2=" " tag="020"><subfield code="a">141294709X</subfield><subfield code="c">(hbk.) ; £475.00</subfield></datafield><datafield ind1=" " ind2=" " tag="035"><subfield code="a">(swissbib)217099548-41slsp_network</subfield></datafield><datafield ind1=" " ind2=" " tag="035"><subfield code="a">217099548</subfield><subfield code="9">ExL</subfield></datafield><datafield ind1=" " ind2=" " tag="035"><subfield code="a">(RERO)R004924102-41slsp</subfield></datafield><datafield ind1=" " ind2=" " tag="035"><subfield code="a">(NEBIS)005648567EBI01</subfield></datafield><datafield ind1=" " ind2=" " tag="035"><subfield code="a">(IDSBB)004588587DSV01</subfield></datafield><datafield ind1=" " ind2=" " tag="035"><subfield code="a">(EXLNZ-41SLSP_NETWORK)991138531439705501</subfield></datafield><datafield ind1=" " ind2=" " tag="040"><subfield code="a">StDuBDS</subfield><subfield code="d">CH-ZuSLS</subfield></datafield><datafield ind1=" " ind2="7" tag="072"><subfield code="a">pe</subfield><subfield code="2">rero</subfield></datafield><datafield ind1=" " ind2="7" tag="072"><subfield code="a">pa</subfield><subfield code="2">SzZuIDS BS/BE</subfield></datafield><datafield ind1="0" ind2="4" tag="082"><subfield code="a">371.9046</subfield><subfield code="2">23</subfield></datafield><datafield ind1="0" ind2="4" tag="082"><subfield code="a">371.9046/In2</subfield></datafield><datafield ind1="1" ind2="4" tag="082"><subfield code="a">370</subfield><subfield code="2">15</subfield></datafield><datafield ind1=" " ind2=" " tag="084"><subfield code="a">DO 9000</subfield><subfield code="2">rvk</subfield></datafield><datafield ind1=" " ind2=" " tag="084"><subfield code="a">DT 1000</subfield><subfield code="2">rvk</subfield></datafield><datafield ind1="0" ind2="0" tag="245"><subfield code="a">Inclusion and diversity in education</subfield><subfield code="c">ed. by Peter Hick and Gary Thomas</subfield></datafield><datafield ind1=" " ind2="1" tag="264"><subfield code="a">London</subfield><subfield code="b">SAGE</subfield><subfield code="c">2009</subfield></datafield><datafield ind1=" " ind2=" " tag="300"><subfield code="a">4 vol.</subfield><subfield code="b">ill.</subfield></datafield><datafield ind1=" " ind2=" " tag="336"><subfield code="b">txt</subfield><subfield code="2">rdacontent</subfield></datafield><datafield ind1=" " ind2=" " tag="337"><subfield code="b">n</subfield><subfield code="2">rdamedia</subfield></datafield><datafield ind1=" " ind2=" " tag="338"><subfield code="b">nc</subfield><subfield code="2">rdacarrier</subfield></datafield><datafield ind1="0" ind2=" " tag="490"><subfield code="a">SAGE library of educational thought and practice</subfield></datafield><datafield ind1="0" ind2="0" tag="505"><subfield code="g">Vol. 1</subfield><subfield code="t">Inclusive education as social justice</subfield></datafield><datafield ind1="0" ind2="0" tag="505"><subfield code="g">Vol. 2</subfield><subfield code="t">Developing inclusive schools and school systems</subfield></datafield><datafield ind1="0" ind2="0" tag="505"><subfield code="g">Vol. 3</subfield><subfield code="t">Inclusive pedagogy in curricula and classrooms</subfield></datafield><datafield ind1="0" ind2="0" tag="505"><subfield code="g">Vol. 4</subfield><subfield code="t">Learning from diverse voices in inclusive education</subfield></datafield><datafield ind1=" " ind2="0" tag="650"><subfield code="a">Inclusive education</subfield></datafield><datafield ind1=" " ind2="7" tag="650"><subfield code="a">Intégration scolaire</subfield><subfield code="0">(IDREF)027616908</subfield><subfield code="2">idref</subfield></datafield><datafield ind1=" " ind2="7" tag="650"><subfield code="a">Éducation spéciale</subfield><subfield code="0">(IDREF)04865163X</subfield><subfield code="2">idref</subfield></datafield><datafield ind1=" " ind2="7" tag="650"><subfield code="a">Integrative Erziehung</subfield><subfield code="2">idszbz</subfield></datafield><datafield ind1=" " ind2="7" tag="650"><subfield code="a">Integrativer Unterricht</subfield><subfield code="2">idszbz</subfield></datafield><datafield ind1=" " ind2="7" tag="650"><subfield code="a">Inklusion</subfield><subfield code="2">swd</subfield></datafield><datafield ind1=" " ind2="7" tag="650"><subfield code="a">Vielfalt</subfield><subfield code="0">(DE-588)4312811-7</subfield><subfield code="2">gnd</subfield></datafield><datafield ind1=" " ind2="7" tag="650"><subfield code="a">Bildung</subfield><subfield code="0">(DE-588)4006650-2</subfield><subfield code="2">gnd</subfield></datafield><datafield ind1=" " ind2="7" tag="650"><subfield code="a">Inklusion</subfield><subfield code="g">Mathematik</subfield><subfield code="0">(DE-588)4391130-4</subfield><subfield code="2">gnd</subfield></datafield><datafield ind1=" " ind2="0" tag="650"><subfield code="a">Multicultural education</subfield></datafield><datafield ind1=" " ind2="0" tag="650"><subfield code="a">Special education</subfield></datafield><datafield ind1=" " ind2="7" tag="650"><subfield code="a">Sonderpädagogik</subfield><subfield code="2">idsbb</subfield></datafield><datafield ind1=" " ind2="7" tag="655"><subfield code="a">Anthologies</subfield><subfield code="0">(IDREF)027269493</subfield><subfield code="2">idref</subfield></datafield><datafield ind1=" " ind2="7" tag="655"><subfield code="a">Aufsatzsammlung</subfield><subfield code="2">idszbz</subfield></datafield><datafield ind1="1" ind2=" " tag="700"><subfield code="a">Hick, Peter</subfield><subfield code="0">(RERO)A014285428</subfield></datafield><datafield ind1="4" ind2=" " tag="856"><subfield code="3">Titelblatt und Inhaltsverzeichnis</subfield><subfield code="u">https://toc.library.ethz.ch/objects/pdf/z01_978-1-4129-4709-1_01.pdf</subfield><subfield code="q">pdf</subfield></datafield><datafield ind1=" " ind2=" " tag="900"><subfield code="a">IDSZ2zbzmon200812f</subfield><subfield code="c">IDSZ2baeh</subfield><subfield code="d">IDSZ2zbzswk200901b</subfield><subfield code="e">IDSZ2kara</subfield></datafield><datafield ind1=" " ind2=" " tag="949"><subfield code="a">https://toc.library.ethz.ch/objects/pdf/z01_978-1-4129-4709-1_01.pdf</subfield></datafield></record>
</metadata></record>