<record><header><identifier>oai:alma.41SLSP_UGE:991000003089705502</identifier><datestamp>2024-09-13T00:14:57Z</datestamp><setSpec>uge_bcen_RapidILL_BOOK</setSpec><setSpec>uge_aaca_RapidILL_BOOK</setSpec><setSpec>uge_abels_RapidILL_BOOK</setSpec><setSpec>uge_dbu_RapidILL_BOOK</setSpec><setSpec>uge_cmu_RapidILL_BOOK</setSpec><setSpec>uge_mail_RapidILL_BOOK</setSpec><setSpec>uge_abbat_RapidILL_BOOK</setSpec><setSpec>UNIGE_ALL</setSpec><setSpec>uge_aobs_RapidILL_BOOK</setSpec><setSpec>uge_acar_RapidILL_BOOK</setSpec></header><metadata>
<record xmlns="http://www.loc.gov/MARC21/slim" xmlns:xsi="http://www.w3.org/2001/XMLSchema-instance" xsi:schemaLocation="http://www.loc.gov/MARC21/slim http://www.loc.gov/standards/marcxml/schema/MARC21slim.xsd"><leader>02421nam a2200553 c 4500</leader><controlfield tag="001">991000003089705502</controlfield><controlfield tag="005">20240912182722.0</controlfield><controlfield tag="008">201012s1967    sz ||||| |||| 00| ||ger d</controlfield><datafield ind1=" " ind2=" " tag="035"><subfield code="a">(swissbib)233116060-41slsp_network</subfield></datafield><datafield ind1=" " ind2=" " tag="035"><subfield code="a">233116060</subfield><subfield code="9">ExL</subfield></datafield><datafield ind1=" " ind2=" " tag="035"><subfield code="a">(RERO)0115125-41slsp</subfield></datafield><datafield ind1=" " ind2=" " tag="035"><subfield code="a">(IDSBB)000398373DSV01</subfield></datafield><datafield ind1=" " ind2=" " tag="035"><subfield code="a">(IDSLU)000693610ILU01</subfield></datafield><datafield ind1=" " ind2=" " tag="035"><subfield code="a">(NEBIS)000834892EBI01</subfield></datafield><datafield ind1=" " ind2=" " tag="035"><subfield code="a">(IDSSG)000436435HSB01</subfield></datafield><datafield ind1=" " ind2=" " tag="035"><subfield code="a">(EXLNZ-41SLSP_NETWORK)991033070009705501</subfield></datafield><datafield ind1=" " ind2=" " tag="040"><subfield code="a">RERO</subfield><subfield code="d">CH-ZuSLS</subfield></datafield><datafield ind1="0" ind2=" " tag="041"><subfield code="a">ger</subfield><subfield code="a">eng</subfield><subfield code="a">fre</subfield></datafield><datafield ind1=" " ind2="7" tag="072"><subfield code="a">go</subfield><subfield code="2">rero</subfield></datafield><datafield ind1=" " ind2="7" tag="072"><subfield code="a">st</subfield><subfield code="2">rero</subfield></datafield><datafield ind1="1" ind2=" " tag="100"><subfield code="a">Labhart, Toni Peter</subfield><subfield code="d">1937-....</subfield><subfield code="0">(IDREF)033372160</subfield><subfield code="4">cre</subfield></datafield><datafield ind1="1" ind2="0" tag="245"><subfield code="a">&lt;&lt;Die&gt;&gt; Uranvererzungen am Suedrand des Aarmassivs bei Naters (Kt. Wallis, Schweiz)</subfield><subfield code="c">von Toni P. Labhart</subfield></datafield><datafield ind1=" " ind2="1" tag="264"><subfield code="a">Bern</subfield><subfield code="b">Kuemmerly und Frey</subfield><subfield code="c">1967</subfield></datafield><datafield ind1=" " ind2=" " tag="300"><subfield code="a">30 Seiten, III Tafeln</subfield><subfield code="b">15 Illustrationen</subfield><subfield code="c">31 cm</subfield></datafield><datafield ind1=" " ind2=" " tag="336"><subfield code="b">txt</subfield><subfield code="2">rdacontent</subfield></datafield><datafield ind1=" " ind2=" " tag="337"><subfield code="b">n</subfield><subfield code="2">rdamedia</subfield></datafield><datafield ind1=" " ind2=" " tag="338"><subfield code="b">nc</subfield><subfield code="2">rdacarrier</subfield></datafield><datafield ind1="1" ind2=" " tag="490"><subfield code="a">Untersuchungen ueber radioaktive Mineralien und Gesteine in der Schweiz</subfield></datafield><datafield ind1="1" ind2=" " tag="490"><subfield code="a">Beiträge zur Geologie der Schweiz. Geotechnische Serie</subfield><subfield code="v">Lief. 43</subfield></datafield><datafield ind1=" " ind2=" " tag="504"><subfield code="a">Literaturverzeichnis: Seite 30</subfield></datafield><datafield ind1=" " ind2=" " tag="546"><subfield code="a">Zusammenfassung in deutscher, englischer und französischer Sprache</subfield></datafield><datafield ind1=" " ind2="7" tag="650"><subfield code="a">Uranium</subfield><subfield code="0">(IDREF)027254895</subfield><subfield code="2">idref</subfield></datafield><datafield ind1=" " ind2="4" tag="650"><subfield code="a">Uranerz</subfield></datafield><datafield ind1=" " ind2="7" tag="651"><subfield code="a">Naters (Suisse, région, VS)</subfield><subfield code="0">(RERO)A010122349</subfield><subfield code="2">rero</subfield></datafield><datafield ind1=" " ind2="4" tag="651"><subfield code="a">Aare-Massiv</subfield></datafield><datafield ind1=" " ind2=" " tag="690"><subfield code="a">Uranvererzungen. Schweiz: Alpen, B: Aarmassiv: Südrand</subfield><subfield code="2">rzs-L1</subfield></datafield><datafield ind1=" " ind2=" " tag="690"><subfield code="a">Lagerstätten, B: Uranvererzungen. Schweiz:Alpen, B: Aarmassiv</subfield><subfield code="2">rzs-L1</subfield></datafield><datafield ind1=" " ind2=" " tag="690"><subfield code="a">Mineralogie. Schweiz: Alpen, B: Aarmassiv: Uranvererzungen</subfield><subfield code="2">rzs-L1</subfield></datafield><datafield ind1=" " ind2=" " tag="690"><subfield code="a">Geologie</subfield><subfield code="2">rzs-LN</subfield></datafield><datafield ind1=" " ind2=" " tag="690"><subfield code="a">Gestein</subfield><subfield code="2">rzs-LN</subfield></datafield><datafield ind1=" " ind2=" " tag="690"><subfield code="a">Mineralien</subfield><subfield code="2">rzs-LN</subfield></datafield><datafield ind1=" " ind2=" " tag="690"><subfield code="a">Radioaktivität</subfield><subfield code="2">rzs-LN</subfield></datafield><datafield ind1=" " ind2=" " tag="690"><subfield code="a">Wallis</subfield><subfield code="2">rzs-LN</subfield></datafield><datafield ind1="1" ind2=" " tag="700"><subfield code="a">Labhart, Toni P.</subfield><subfield code="d">1937-</subfield><subfield code="0">(DE-588)124170099</subfield><subfield code="e">Verfasser</subfield><subfield code="4">aut</subfield></datafield><datafield ind1="1" ind2=" " tag="700"><subfield code="a">Labhart, Toni P.</subfield></datafield><datafield ind1=" " ind2=" " tag="830"><subfield code="a">Recherches de minéraux et de roches à éléments radioactifs en Suisse</subfield><subfield code="w">(RERO)0114217-41slsp</subfield></datafield><datafield ind1=" " ind2=" " tag="830"><subfield code="a">Beiträge zur Geologie der Schweiz</subfield><subfield code="p">Geotechnische Serie = Matériaux pour la géologie de la Suisse / publ. par la Commission géotechnique suisse</subfield><subfield code="p">Série géotechnique</subfield><subfield code="v">43</subfield><subfield code="w">(IDSBB)000117769DSV01</subfield></datafield><datafield ind1=" " ind2=" " tag="830"><subfield code="a">Matériaux pour la géologie de la Suisse</subfield><subfield code="p">Série géotechnique</subfield><subfield code="v">43</subfield><subfield code="w">(RERO)0067652-41slsp</subfield></datafield><datafield ind1=" " ind2=" " tag="900"><subfield code="a">REROnoselfmerge</subfield></datafield><datafield ind1=" " ind2=" " tag="900"><subfield code="a">IDSZRMedeaZBZ</subfield><subfield code="b">IDSZRSWK</subfield></datafield></record>
</metadata></record>