<record><header><identifier>oai:alma.41SLSP_UGE:991000026679705502</identifier><datestamp>2024-09-28T00:15:01Z</datestamp><setSpec>uge_bcen_RapidILL_BOOK</setSpec><setSpec>uge_aaca_RapidILL_BOOK</setSpec><setSpec>uge_abels_RapidILL_BOOK</setSpec><setSpec>uge_dbu_RapidILL_BOOK</setSpec><setSpec>uge_cmu_RapidILL_BOOK</setSpec><setSpec>uge_mail_RapidILL_BOOK</setSpec><setSpec>uge_abbat_RapidILL_BOOK</setSpec><setSpec>UNIGE_ALL</setSpec><setSpec>uge_aobs_RapidILL_BOOK</setSpec><setSpec>uge_acar_RapidILL_BOOK</setSpec></header><metadata>
<record xmlns="http://www.loc.gov/MARC21/slim" xmlns:xsi="http://www.w3.org/2001/XMLSchema-instance" xsi:schemaLocation="http://www.loc.gov/MARC21/slim http://www.loc.gov/standards/marcxml/schema/MARC21slim.xsd"><leader>04267nam a2200613 c 4500</leader><controlfield tag="001">991000026679705502</controlfield><controlfield tag="005">20240927124240.0</controlfield><controlfield tag="008">201012s2006    au            00| | ger|d</controlfield><datafield ind1=" " ind2=" " tag="015"><subfield code="a">GFR-CIP-06,N24,0421</subfield><subfield code="a">DNB-06,A29,0200</subfield></datafield><datafield ind1="7" ind2=" " tag="016"><subfield code="a">979741432</subfield><subfield code="2">GyFmDB</subfield></datafield><datafield ind1=" " ind2=" " tag="020"><subfield code="a">3825895769</subfield><subfield code="c">kart. : EUR 12.90</subfield></datafield><datafield ind1=" " ind2=" " tag="035"><subfield code="a">(swissbib)238913236-41slsp_network</subfield></datafield><datafield ind1=" " ind2=" " tag="035"><subfield code="a">238913236</subfield><subfield code="9">ExL</subfield></datafield><datafield ind1=" " ind2=" " tag="035"><subfield code="a">(IDSBB)003972290DSV01</subfield></datafield><datafield ind1=" " ind2=" " tag="035"><subfield code="a">(RERO)R004506487-41slsp</subfield></datafield><datafield ind1=" " ind2=" " tag="035"><subfield code="a">(IDSSG)000358612HSB01</subfield></datafield><datafield ind1=" " ind2=" " tag="035"><subfield code="a">(NEBIS)005225156EBI01</subfield></datafield><datafield ind1=" " ind2=" " tag="035"><subfield code="a">(EXLNZ-41SLSP_NETWORK)991068434669705501</subfield></datafield><datafield ind1=" " ind2=" " tag="040"><subfield code="a">DDB</subfield><subfield code="e">kids</subfield><subfield code="d">CH-ZuSLS</subfield></datafield><datafield ind1=" " ind2="7" tag="072"><subfield code="a">et</subfield><subfield code="2">SzZuIDS BS/BE</subfield></datafield><datafield ind1=" " ind2="7" tag="072"><subfield code="a">sz</subfield><subfield code="2">SzZuIDS BS/BE</subfield></datafield><datafield ind1=" " ind2="7" tag="072"><subfield code="a">et</subfield><subfield code="2">rero</subfield></datafield><datafield ind1="0" ind2="4" tag="082"><subfield code="a">301.2</subfield></datafield><datafield ind1="1" ind2="4" tag="082"><subfield code="a">300</subfield><subfield code="2">15</subfield></datafield><datafield ind1=" " ind2=" " tag="084"><subfield code="a">CC 8100</subfield><subfield code="2">rvk</subfield></datafield><datafield ind1=" " ind2=" " tag="084"><subfield code="a">LB 23000</subfield><subfield code="2">rvk</subfield></datafield><datafield ind1=" " ind2=" " tag="084"><subfield code="a">LB 24000</subfield><subfield code="2">rvk</subfield></datafield><datafield ind1=" " ind2=" " tag="084"><subfield code="a">MR 7100</subfield><subfield code="2">rvk</subfield></datafield><datafield ind1=" " ind2=" " tag="084"><subfield code="a">MS 9350</subfield><subfield code="2">rvk</subfield></datafield><datafield ind1="1" ind2=" " tag="100"><subfield code="6">880-01</subfield><subfield code="a">Girtler, Roland</subfield><subfield code="d">1941-....</subfield><subfield code="0">(IDREF)034053220</subfield><subfield code="4">cre</subfield></datafield><datafield ind1="1" ind2=" " tag="880"><subfield code="a">Girtler, Roland</subfield><subfield code="d">1941-</subfield><subfield code="0">(DE-588)115493832</subfield><subfield code="6">100-01</subfield></datafield><datafield ind1="1" ind2="0" tag="245"><subfield code="a">Kulturanthropologie</subfield><subfield code="b">eine Einführung</subfield><subfield code="c">Roland Girtler</subfield></datafield><datafield ind1=" " ind2="1" tag="264"><subfield code="a">Wien</subfield><subfield code="b">Lit</subfield><subfield code="c">2006</subfield></datafield><datafield ind1=" " ind2=" " tag="300"><subfield code="a">304 S.</subfield></datafield><datafield ind1=" " ind2=" " tag="336"><subfield code="b">txt</subfield><subfield code="2">rdacontent</subfield></datafield><datafield ind1=" " ind2=" " tag="337"><subfield code="b">n</subfield><subfield code="2">rdamedia</subfield></datafield><datafield ind1=" " ind2=" " tag="338"><subfield code="b">nc</subfield><subfield code="2">rdacarrier</subfield></datafield><datafield ind1=" " ind2=" " tag="500"><subfield code="a">Literaturverz. S. 276 - 297</subfield></datafield><datafield ind1=" " ind2=" " tag="504"><subfield code="a">Literaturverz.</subfield></datafield><datafield ind1=" " ind2="7" tag="650"><subfield code="a">Kulturanthropologie</subfield><subfield code="v">0 Gesamtdarstellung</subfield><subfield code="2">idsbb</subfield></datafield><datafield ind1=" " ind2="7" tag="650"><subfield code="a">Ethnologie</subfield><subfield code="0">(IDREF)02729661X</subfield><subfield code="2">idref</subfield></datafield><datafield ind1=" " ind2="7" tag="650"><subfield code="a">Kulturanthropologie</subfield><subfield code="0">(DE-588)4133903-4</subfield><subfield code="2">gnd</subfield></datafield><datafield ind1=" " ind2="7" tag="650"><subfield code="a">Kulturanthropologie</subfield><subfield code="2">idszbz</subfield></datafield><datafield ind1=" " ind2="7" tag="655"><subfield code="a">Einführung</subfield><subfield code="2">gnd-content</subfield></datafield><datafield ind1=" " ind2=" " tag="690"><subfield code="a">Kulturanthropologie</subfield><subfield code="2">ubs-A6</subfield></datafield><datafield ind1=" " ind2=" " tag="690"><subfield code="a">Kulturanthropologie; Soziologie; Sprachanalyse; wissenschaftliche Methode; Konzeption; Feldforschung; Geschichte; Betonung; Diskussion; Dogmengeschichte; Literatur; Psychologie; Abgrenzung; Reaktion; Rechtswissenschaft; Ethnografie; Ethnolinguistik; Ideologie; Religionswissenschaft; Aufklärung</subfield><subfield code="2">idssg-J</subfield></datafield><datafield ind1=" " ind2=" " tag="690"><subfield code="a">Ethnomethodologie; Hermeneutik; Religionsphänomenologie; Religionsgeschichte; Religionsforschung; Indianersprache; Komponentenanalyse; Literaturverzeichnis; Neoevolutionismus; Begriffsinhalt; Ethnohistorie; Forschungsgegenstand; Gegensatz; Radcliffe-Brbrowns; Residual-Kategorie; Rückgriff; Sozialorganisation; Sprachmuster; Stammbaum</subfield><subfield code="2">idssg-J</subfield></datafield><datafield ind1=" " ind2=" " tag="690"><subfield code="a">historische Methode; integrierende Wissenschaft; übergreifende Disziplin; amerikanisch Anthropology; amerikanisch Cultural; behavioristischer Ansatz; empirische Kulturanthropologie; endgültige Überwindung; englisch Social; erster Ansatz; evolutionistische Überbewertung; funktionalistische Rechtstheorie; historisch-linguistische Studie; historischer Kontext; klassische Ethnolinguistik; klassische Religionsforschung; kognitives System; komparative Methode; komparative Methodik; kritische Überlegung; linguistische Reflexion; methodisches Problem; methodischer Rahmen; neue Kategorie; philosophische Anthropologie; primitive Society; psychologischer Funktionalismus; psychologische Sprachanalyse; quantifizierende Methode; relativierende Wissenschaft; soziales Faktum; soziale Institution; soziales System; sozialanthropologische Feldstudie; starrer Funktionalismus; struktural-funktionale Methode; synchrones Modell; tote Sprache; unbewusste Natur; verstehende Religionswissenschaft; vorsozialanthropologische Studie; wertrelativistische Disziplin</subfield><subfield code="2">idssg-J</subfield></datafield><datafield ind1=" " ind2=" " tag="690"><subfield code="a">Vereinigte Staaten C1USA; Großbritannien C4EUUK; Europa C4E; England C4EUUK</subfield><subfield code="2">idssg-J</subfield></datafield><datafield ind1=" " ind2=" " tag="690"><subfield code="a">Adolf Bastian; Arnold Gehlens; B. Malinowski; Benjamin Lee Whorf; Brown; Claude Levi-Strauss; D. Hymes; Emile Durkheim; Ernst Cassirer; Evans- Pritchard; F. Boas; Function Primitive Society; Helmut Plessner; Humboldt; James Frazer; Malinowski Firth; Marcel Mauss; Max Scheler; Mircea Eliades; Morgan; Parsons; quantifizierend Methode Ethnohistorie; Richard Thurnwalds; Roland Girtler; S. F. Nadel; Saussure; sozial System Kultur; Wilhelm</subfield><subfield code="2">idssg-J</subfield></datafield><datafield ind1=" " ind2=" " tag="690"><subfield code="a">Sozial- und Kulturanthropologie</subfield><subfield code="2">uzb-VK</subfield></datafield><datafield ind1="4" ind2=" " tag="856"><subfield code="3">Inhaltsverzeichnis</subfield><subfield code="u">http://www.ub.unibas.ch/tox/HBZ/HT014736156/PDF</subfield><subfield code="q">pdf</subfield></datafield><datafield ind1=" " ind2=" " tag="900"><subfield code="a">REROnoselfmerge</subfield></datafield><datafield ind1=" " ind2=" " tag="900"><subfield code="a">IDSZ2zbzmon200609f</subfield><subfield code="c">IDSZ2gerb</subfield><subfield code="d">IDSZ2zbzswk200610b</subfield><subfield code="e">IDSZ2bucp</subfield></datafield><datafield ind1=" " ind2=" " tag="949"><subfield code="a">http://www.ub.unibas.ch/tox/HBZ/HT014736156/PDF</subfield></datafield></record>
</metadata></record>