<record><header><identifier>oai:alma.41SLSP_UGE:991000052129705502</identifier><datestamp>2023-05-03T00:38:03Z</datestamp><setSpec>uge_bcen_RapidILL_BOOK</setSpec><setSpec>uge_aaca_RapidILL_BOOK</setSpec><setSpec>uge_abels_RapidILL_BOOK</setSpec><setSpec>uge_dbu_RapidILL_BOOK</setSpec><setSpec>uge_cmu_RapidILL_BOOK</setSpec><setSpec>uge_mail_RapidILL_BOOK</setSpec><setSpec>uge_abbat_RapidILL_BOOK</setSpec><setSpec>UNIGE_ALL</setSpec><setSpec>uge_aobs_RapidILL_BOOK</setSpec><setSpec>uge_acar_RapidILL_BOOK</setSpec></header><metadata>
<record xmlns="http://www.loc.gov/MARC21/slim" xmlns:xsi="http://www.w3.org/2001/XMLSchema-instance" xsi:schemaLocation="http://www.loc.gov/MARC21/slim http://www.loc.gov/standards/marcxml/schema/MARC21slim.xsd"><leader>02753nam a2200349 c 4500</leader><controlfield tag="001">991000052129705502</controlfield><controlfield tag="005">20230502191411.0</controlfield><controlfield tag="008">130327s2013    fr ||||| |||| 00| ||fre d</controlfield><datafield ind1=" " ind2=" " tag="020"><subfield code="a">9782849221273</subfield></datafield><datafield ind1="7" ind2=" " tag="024"><subfield code="a">http://catalogue.bnf.fr/ark:/12148/cb43571467t</subfield><subfield code="2">uri</subfield></datafield><datafield ind1=" " ind2=" " tag="035"><subfield code="a">(swissbib)117170895-41slsp_network</subfield></datafield><datafield ind1=" " ind2=" " tag="035"><subfield code="a">117170895</subfield><subfield code="9">ExL</subfield></datafield><datafield ind1=" " ind2=" " tag="035"><subfield code="a">(RERO)R007266955-41slsp</subfield></datafield><datafield ind1=" " ind2=" " tag="035"><subfield code="a">(EXLNZ-41SLSP_NETWORK)991099045169705501</subfield></datafield><datafield ind1=" " ind2=" " tag="040"><subfield code="a">RERO vsbcvs</subfield><subfield code="d">CH-ZuSLS</subfield></datafield><datafield ind1=" " ind2="7" tag="072"><subfield code="a">pe</subfield><subfield code="2">rero</subfield></datafield><datafield ind1="1" ind2=" " tag="080"><subfield code="a">371.4</subfield></datafield><datafield ind1="0" ind2="0" tag="245"><subfield code="a">Quinze pédagogues</subfield><subfield code="b">idées principales et textes choisis : Jean-Jacques Rousseau, Heinrich Pestalozzi, Friedrich Fröbel, Paul Robin, Francisco Ferrer, Rudolf Steiner, John Dewey, Ovide Decroly, Maria Montessori, Antón Makarenko, Adolphe Ferrière, Roger Cousinet, Célestin Freinet, Alexander S. Neill, Carl Rogers</subfield><subfield code="c">sous la dir. de Jean Houssaye</subfield></datafield><datafield ind1=" " ind2="1" tag="264"><subfield code="a">Paris</subfield><subfield code="b">Ed. Fabert</subfield><subfield code="c">[2013]</subfield></datafield><datafield ind1=" " ind2=" " tag="300"><subfield code="a">717 p.</subfield></datafield><datafield ind1=" " ind2=" " tag="336"><subfield code="b">txt</subfield><subfield code="2">rdacontent</subfield></datafield><datafield ind1=" " ind2=" " tag="337"><subfield code="b">n</subfield><subfield code="2">rdamedia</subfield></datafield><datafield ind1=" " ind2=" " tag="338"><subfield code="b">nc</subfield><subfield code="2">rdacarrier</subfield></datafield><datafield ind1="0" ind2=" " tag="490"><subfield code="a">Pédagogues du monde entier</subfield></datafield><datafield ind1="8" ind2=" " tag="520"><subfield code="a">Quinze pédagogues est le livre de référence pour tout étudiant se préparant aux métiers de l'éducation mais aussi pour les professionnels, afin de découvrir ou redécouvrir les hommes et les femmes qui ont marqué l'éducation. Il présente un panorama de quinze pédagogues, théoriciens et/ou praticiens, dont les idées ont traversé les époques et influencent toujours la pédagogie aujourd'hui. Chaque chapitre s'articule de manière similaire : sur fond de biographie, une présentation des idées - dont l'émergence a pu être liée à un contexte politique ou social, à une période historique clé, ou s'alimenter des thèses de pédagogues antérieurs -, suivie d'une sélection de textes fondamentaux des pédagogues présentés. Chaque présentation synthétise les idées et les pensées fondamentales des pédagogues et donne ainsi au lecteur l'occasion de pouvoir comprendre certaines pratiques pédagogiques, les comparer, et peut-être penser à leur possible application dans les classes du 21e siècle, découvrir ou redécouvrir les hommes et les femmes qui, selon les spécialistes, ont le plus marqué les conceptions éducatives</subfield><subfield code="5">RERO/frvhep/10.2013</subfield></datafield><datafield ind1="8" ind2=" " tag="520"><subfield code="a">Michel Soëtard, Université catholique de l'Ouest, Institut des sciences de l'éducation d'Angers, Johann Heinrich Pestalozzi (1746-1827) - p. 69-117</subfield><subfield code="5">RERO/labcur/bs/09.2013</subfield></datafield><datafield ind1=" " ind2="7" tag="650"><subfield code="a">Pédagogues</subfield><subfield code="0">(IDREF)027611868</subfield><subfield code="2">idref</subfield></datafield><datafield ind1=" " ind2="7" tag="650"><subfield code="a">Pédagogie</subfield><subfield code="0">(IDREF)027246159</subfield><subfield code="2">idref</subfield></datafield><datafield ind1=" " ind2="7" tag="650"><subfield code="a">18e siècle-20e siècle</subfield><subfield code="2">idref</subfield></datafield><datafield ind1=" " ind2="7" tag="655"><subfield code="a">Biographie</subfield><subfield code="0">(IDREF)027281558</subfield><subfield code="2">idref</subfield></datafield><datafield ind1=" " ind2="7" tag="655"><subfield code="a">Anthologies</subfield><subfield code="0">(IDREF)027269493</subfield><subfield code="2">idref</subfield></datafield><datafield ind1="1" ind2=" " tag="700"><subfield code="a">Houssaye, Jean</subfield><subfield code="d">1947-....</subfield><subfield code="0">(IDREF)026925494</subfield><subfield code="4">edt</subfield></datafield><datafield ind1=" " ind2=" " tag="900"><subfield code="a">REROnoselfmerge</subfield></datafield></record>
</metadata></record>