<record><header><identifier>oai:alma.41SLSP_UGE:991000025969705502</identifier><datestamp>2023-03-01T01:08:52Z</datestamp><setSpec>UNIGE_ALL</setSpec></header><metadata>
<record xmlns="http://www.loc.gov/MARC21/slim" xmlns:xsi="http://www.w3.org/2001/XMLSchema-instance" xsi:schemaLocation="http://www.loc.gov/MARC21/slim http://www.loc.gov/standards/marcxml/schema/MARC21slim.xsd"><leader>01008njm a22002897c 4500</leader><controlfield tag="001">991000025969705502</controlfield><controlfield tag="005">20211108204628.0</controlfield><controlfield tag="007">sd b||||||||||</controlfield><controlfield tag="008">110122nuuuuuuuuxx ||n |            und d</controlfield><datafield ind1="0" ind2="2" tag="028"><subfield code="a">VOX TV 34073 S</subfield></datafield><datafield ind1=" " ind2=" " tag="035"><subfield code="a">(swissbib)113536763-41slsp_network</subfield></datafield><datafield ind1=" " ind2=" " tag="035"><subfield code="a">113536763</subfield><subfield code="9">ExL</subfield></datafield><datafield ind1=" " ind2=" " tag="035"><subfield code="a">(RERO)R006018458-41slsp</subfield></datafield><datafield ind1=" " ind2=" " tag="035"><subfield code="a">(EXLNZ-41SLSP_NETWORK)991020616249705501</subfield></datafield><datafield ind1=" " ind2=" " tag="040"><subfield code="a">RERO geulmu</subfield><subfield code="d">CH-ZuSLS</subfield></datafield><datafield ind1=" " ind2="7" tag="072"><subfield code="a">mu</subfield><subfield code="2">rero</subfield></datafield><datafield ind1="1" ind2=" " tag="100"><subfield code="a">Hummel, Johann Nepomuk</subfield><subfield code="d">1778-1837</subfield><subfield code="0">(IDREF)080081150</subfield><subfield code="4">cre</subfield></datafield><datafield ind1="1" ind2="0" tag="245"><subfield code="a">Piano concerto in B minor, op. 89</subfield><subfield code="c">Hummel ; Piano concerto in D major / Haydn</subfield></datafield><datafield ind1=" " ind2=" " tag="300"><subfield code="a">1 disque sonore</subfield><subfield code="b">33 t.</subfield></datafield><datafield ind1=" " ind2=" " tag="336"><subfield code="b">prm</subfield><subfield code="2">rdacontent</subfield></datafield><datafield ind1=" " ind2=" " tag="337"><subfield code="b">s</subfield><subfield code="2">rdamedia</subfield></datafield><datafield ind1=" " ind2=" " tag="338"><subfield code="b">sd</subfield><subfield code="2">rdacarrier</subfield></datafield><datafield ind1=" " ind2=" " tag="500"><subfield code="a">Formation: piano, orchestre symphonique</subfield></datafield><datafield ind1="0" ind2=" " tag="505"><subfield code="a">[Concertos. Piano, orchestre. Op. 89. Si bémol mineur]</subfield></datafield><datafield ind1="1" ind2=" " tag="700"><subfield code="a">Galling, Martin</subfield><subfield code="d">1935-....</subfield><subfield code="0">(IDREF)172041341</subfield></datafield><datafield ind1="1" ind2=" " tag="700"><subfield code="a">Haydn, Joseph</subfield><subfield code="d">1732-1809</subfield><subfield code="0">(IDREF)030260868</subfield></datafield><datafield ind1="1" ind2=" " tag="700"><subfield code="a">Wagner, Robert</subfield><subfield code="d">1915-2008</subfield><subfield code="0">(RERO)A012495472</subfield></datafield><datafield ind1=" " ind2=" " tag="900"><subfield code="a">REROnoselfmerge</subfield></datafield><datafield ind1=" " ind2=" " tag="960"><subfield code="2">matmu</subfield><subfield code="a">Allemagne ; Autriche ; XVIIIe-XIXe ; Romantisme ; Concertos</subfield><subfield code="9">LOCAL</subfield></datafield></record>
</metadata></record>