<record><header><identifier>oai:alma.41SLSP_UGE:991000026279705502</identifier><datestamp>2023-03-06T01:09:57Z</datestamp><setSpec>uge_bcen_RapidILL_BOOK</setSpec><setSpec>uge_aaca_RapidILL_BOOK</setSpec><setSpec>uge_abels_RapidILL_BOOK</setSpec><setSpec>uge_dbu_RapidILL_BOOK</setSpec><setSpec>uge_cmu_RapidILL_BOOK</setSpec><setSpec>uge_mail_RapidILL_BOOK</setSpec><setSpec>uge_abbat_RapidILL_BOOK</setSpec><setSpec>UNIGE_ALL</setSpec><setSpec>uge_acar_RapidILL_BOOK</setSpec><setSpec>uge_aobs_RapidILL_BOOK</setSpec></header><metadata>
<record xmlns="http://www.loc.gov/MARC21/slim" xmlns:xsi="http://www.w3.org/2001/XMLSchema-instance" xsi:schemaLocation="http://www.loc.gov/MARC21/slim http://www.loc.gov/standards/marcxml/schema/MARC21slim.xsd"><leader>01869nam a22003732c 4500</leader><controlfield tag="001">991000026279705502</controlfield><controlfield tag="005">20230305093253.0</controlfield><controlfield tag="008">161005s2016    ne ||||| |||| 00| ||eng d</controlfield><datafield ind1=" " ind2=" " tag="020"><subfield code="a">9789463007450</subfield><subfield code="q">pbk.</subfield></datafield><datafield ind1=" " ind2=" " tag="035"><subfield code="a">(swissbib)123277566-41slsp_network</subfield></datafield><datafield ind1=" " ind2=" " tag="035"><subfield code="a">123277566</subfield><subfield code="9">ExL</subfield></datafield><datafield ind1=" " ind2=" " tag="035"><subfield code="a">(RERO)R008525355-41slsp</subfield></datafield><datafield ind1=" " ind2=" " tag="035"><subfield code="a">(EXLNZ-41SLSP_NETWORK)991029367039705501</subfield></datafield><datafield ind1=" " ind2=" " tag="040"><subfield code="a">UAB</subfield><subfield code="b">eng</subfield><subfield code="e">rda</subfield><subfield code="d">CH-ZuSLS</subfield></datafield><datafield ind1="1" ind2=" " tag="041"><subfield code="a">eng</subfield><subfield code="h">dut</subfield></datafield><datafield ind1=" " ind2="4" tag="050"><subfield code="a">QA465</subfield><subfield code="b">.G81813 2016</subfield></datafield><datafield ind1=" " ind2="7" tag="072"><subfield code="a">pe</subfield><subfield code="2">rero</subfield></datafield><datafield ind1="0" ind2="0" tag="245"><subfield code="a">Measurement and geometry in upper primary school</subfield><subfield code="c">Koeno Gravemeijer, Nisa Figueiredo, Els Feijs, Frans van Galen, Ronald Keijzer and Fokke Munk ; TAL-project, Freudenthal Institute, Utrecht University, The Netherlands ; translated into English by Charles Frink</subfield></datafield><datafield ind1=" " ind2="1" tag="264"><subfield code="a">Rotterdam</subfield><subfield code="b">Sense Publishers</subfield><subfield code="c">2016</subfield></datafield><datafield ind1=" " ind2=" " tag="300"><subfield code="a">190 p.</subfield><subfield code="b">ill.</subfield></datafield><datafield ind1=" " ind2=" " tag="336"><subfield code="b">txt</subfield><subfield code="2">rdacontent</subfield></datafield><datafield ind1=" " ind2=" " tag="337"><subfield code="b">n</subfield><subfield code="2">rdamedia</subfield></datafield><datafield ind1=" " ind2=" " tag="338"><subfield code="b">nc</subfield><subfield code="2">rdacarrier</subfield></datafield><datafield ind1="1" ind2=" " tag="490"><subfield code="a">DDME</subfield><subfield code="v">7</subfield></datafield><datafield ind1=" " ind2=" " tag="500"><subfield code="a">&quot;This book is the fourth - and final - publication in the TAL project series. This TAL project was initiated by the Dutch Ministry of Education, Culture and Science, with the aim to improve the quality of mathematics education by providing a perspective on didactic goals and learning-teaching trajectories, and on the relationship between them.&quot;</subfield></datafield><datafield ind1=" " ind2="0" tag="650"><subfield code="a">Geometry</subfield><subfield code="x">Study and teaching (Primary)</subfield><subfield code="z">Netherlands</subfield></datafield><datafield ind1=" " ind2="0" tag="650"><subfield code="a">Measurement</subfield><subfield code="x">Study and teaching (Primary)</subfield><subfield code="z">Netherlands</subfield></datafield><datafield ind1=" " ind2="7" tag="650"><subfield code="a">Géométrie</subfield><subfield code="0">(IDREF)027227545</subfield><subfield code="2">idref</subfield></datafield><datafield ind1=" " ind2="7" tag="650"><subfield code="a">Mathématiques</subfield><subfield code="0">(IDREF)02723875X</subfield><subfield code="2">idref</subfield></datafield><datafield ind1=" " ind2="7" tag="650"><subfield code="a">Étude et enseignement (primaire)</subfield><subfield code="0">(IDREF)027790649</subfield><subfield code="2">idref</subfield></datafield><datafield ind1="1" ind2=" " tag="700"><subfield code="a">Gravemeijer, Koeno</subfield><subfield code="0">(IDREF)16863046X</subfield></datafield><datafield ind1="2" ind2=" " tag="710"><subfield code="a">Freudenthal-Institut (Utrecht)</subfield><subfield code="0">(RERO)A011489980</subfield></datafield><datafield ind1=" " ind2="0" tag="830"><subfield code="a">Dutch design in mathematics education</subfield><subfield code="v">7</subfield><subfield code="w">(RERO)R008544450-41slsp</subfield></datafield><datafield ind1=" " ind2=" " tag="900"><subfield code="a">REROnoselfmerge</subfield></datafield><datafield ind1=" " ind2=" " tag="910"><subfield code="a">OCoLC</subfield><subfield code="b">20161005</subfield><subfield code="c">Droits réservés</subfield></datafield></record>
</metadata></record>