<record><header><identifier>oai:alma.41SLSP_UGE:991000019959705502</identifier><datestamp>2023-04-10T00:15:29Z</datestamp><setSpec>uge_bcen_RapidILL_BOOK</setSpec><setSpec>uge_aaca_RapidILL_BOOK</setSpec><setSpec>uge_abels_RapidILL_BOOK</setSpec><setSpec>uge_dbu_RapidILL_BOOK</setSpec><setSpec>uge_cmu_RapidILL_BOOK</setSpec><setSpec>uge_mail_RapidILL_BOOK</setSpec><setSpec>uge_abbat_RapidILL_BOOK</setSpec><setSpec>UNIGE_ALL</setSpec><setSpec>uge_aobs_RapidILL_BOOK</setSpec><setSpec>uge_acar_RapidILL_BOOK</setSpec></header><metadata>
<record xmlns="http://www.loc.gov/MARC21/slim" xmlns:xsi="http://www.w3.org/2001/XMLSchema-instance" xsi:schemaLocation="http://www.loc.gov/MARC21/slim http://www.loc.gov/standards/marcxml/schema/MARC21slim.xsd"><leader>00870nam a22002657c 4500</leader><controlfield tag="001">991000019959705502</controlfield><controlfield tag="005">20230409160316.0</controlfield><controlfield tag="008">030506s1979    xxu||||| |||| 00| ||eng d</controlfield><datafield ind1=" " ind2=" " tag="020"><subfield code="a">0070087210</subfield></datafield><datafield ind1=" " ind2=" " tag="035"><subfield code="a">(swissbib)098937502-41slsp_network</subfield></datafield><datafield ind1=" " ind2=" " tag="035"><subfield code="a">098937502</subfield><subfield code="9">ExL</subfield></datafield><datafield ind1=" " ind2=" " tag="035"><subfield code="a">(RERO)R003352418-41slsp</subfield></datafield><datafield ind1=" " ind2=" " tag="035"><subfield code="a">(EXLNZ-41SLSP_NETWORK)991061025709705501</subfield></datafield><datafield ind1=" " ind2=" " tag="040"><subfield code="a">RERO geucui</subfield><subfield code="d">CH-ZuSLS</subfield></datafield><datafield ind1=" " ind2="7" tag="072"><subfield code="a">in</subfield><subfield code="2">rero</subfield></datafield><datafield ind1="1" ind2=" " tag="100"><subfield code="a">Buchsbaum, Walter H.</subfield><subfield code="0">(IDREF)196715458</subfield><subfield code="4">cre</subfield></datafield><datafield ind1="1" ind2="0" tag="245"><subfield code="a">Electronic games</subfield><subfield code="b">design, programming, and troubleshooting</subfield><subfield code="c">Walter H. Buchsbaum, Robert Mauro</subfield></datafield><datafield ind1=" " ind2="1" tag="264"><subfield code="a">New York [etc.]</subfield><subfield code="b">McGraw-Hill</subfield><subfield code="c">[1979]</subfield></datafield><datafield ind1=" " ind2="4" tag="264"><subfield code="c">© 1979</subfield></datafield><datafield ind1=" " ind2=" " tag="300"><subfield code="a">X, 335 p.</subfield><subfield code="b">fig.</subfield><subfield code="c">24 cm</subfield></datafield><datafield ind1=" " ind2=" " tag="336"><subfield code="b">txt</subfield><subfield code="2">rdacontent</subfield></datafield><datafield ind1=" " ind2=" " tag="337"><subfield code="b">n</subfield><subfield code="2">rdamedia</subfield></datafield><datafield ind1=" " ind2=" " tag="338"><subfield code="b">nc</subfield><subfield code="2">rdacarrier</subfield></datafield><datafield ind1=" " ind2="7" tag="650"><subfield code="a">Jeux électroniques</subfield><subfield code="0">(IDREF)027614646</subfield><subfield code="2">idref</subfield></datafield><datafield ind1="1" ind2=" " tag="700"><subfield code="a">Mauro, Robert</subfield><subfield code="0">(RERO)A009213083</subfield></datafield><datafield ind1=" " ind2=" " tag="900"><subfield code="a">REROnoselfmerge</subfield></datafield></record>
</metadata></record>