<record><header><identifier>oai:alma.41SLSP_UGE:991000003649705502</identifier><datestamp>2023-03-01T01:08:52Z</datestamp><setSpec>uge_bcen_RapidILL_BOOK</setSpec><setSpec>uge_aaca_RapidILL_BOOK</setSpec><setSpec>uge_abels_RapidILL_BOOK</setSpec><setSpec>uge_dbu_RapidILL_BOOK</setSpec><setSpec>uge_cmu_RapidILL_BOOK</setSpec><setSpec>uge_mail_RapidILL_BOOK</setSpec><setSpec>UNIGE_ALL</setSpec><setSpec>uge_abbat_RapidILL_BOOK</setSpec><setSpec>uge_acar_RapidILL_BOOK</setSpec><setSpec>uge_aobs_RapidILL_BOOK</setSpec></header><metadata>
<record xmlns="http://www.loc.gov/MARC21/slim" xmlns:xsi="http://www.w3.org/2001/XMLSchema-instance" xsi:schemaLocation="http://www.loc.gov/MARC21/slim http://www.loc.gov/standards/marcxml/schema/MARC21slim.xsd"><leader>01244nam a2200301 c 4500</leader><controlfield tag="001">991000003649705502</controlfield><controlfield tag="005">20230213195829.0</controlfield><controlfield tag="008">100210s1993    gw ||||| |||| 10| ||eng d</controlfield><datafield ind1=" " ind2=" " tag="035"><subfield code="a">(swissbib)109988051-41slsp_network</subfield></datafield><datafield ind1=" " ind2=" " tag="035"><subfield code="a">109988051</subfield><subfield code="9">ExL</subfield></datafield><datafield ind1=" " ind2=" " tag="035"><subfield code="a">(RERO)R005388328-41slsp</subfield></datafield><datafield ind1=" " ind2=" " tag="035"><subfield code="a">(EXLNZ-41SLSP_NETWORK)991158887429705501</subfield></datafield><datafield ind1=" " ind2=" " tag="040"><subfield code="a">RERO geussc</subfield><subfield code="d">CH-ZuSLS</subfield></datafield><datafield ind1=" " ind2="7" tag="072"><subfield code="a">bo</subfield><subfield code="2">rero</subfield></datafield><datafield ind1=" " ind2="7" tag="072"><subfield code="a">pa</subfield><subfield code="2">rero</subfield></datafield><datafield ind1="0" ind2="0" tag="245"><subfield code="a">41st Annual Congress, from August 31 to september 4 1993 in Düsseldorf, Germany</subfield><subfield code="c">The Society for Medicinal Plant Research ; org. committee G. Willuhn ... [et al.] ; ed. Adolf Nahrstedt</subfield></datafield><datafield ind1=" " ind2="1" tag="264"><subfield code="a">Stuttgart</subfield><subfield code="b">G. Thieme</subfield><subfield code="c">1993</subfield></datafield><datafield ind1=" " ind2=" " tag="300"><subfield code="a">XI, 152 p.</subfield><subfield code="b">ill.</subfield><subfield code="c">28 cm</subfield></datafield><datafield ind1=" " ind2=" " tag="336"><subfield code="b">txt</subfield><subfield code="2">rdacontent</subfield></datafield><datafield ind1=" " ind2=" " tag="337"><subfield code="b">n</subfield><subfield code="2">rdamedia</subfield></datafield><datafield ind1=" " ind2=" " tag="338"><subfield code="b">nc</subfield><subfield code="2">rdacarrier</subfield></datafield><datafield ind1="1" ind2=" " tag="490"><subfield code="a">Planta medica</subfield><subfield code="v">[Suppl.] 1993</subfield></datafield><datafield ind1=" " ind2="7" tag="650"><subfield code="a">Plantes médicinales</subfield><subfield code="0">(IDREF)027247317</subfield><subfield code="2">idref</subfield></datafield><datafield ind1=" " ind2="7" tag="655"><subfield code="a">Actes de congrès</subfield><subfield code="0">(IDREF)02886431X</subfield><subfield code="2">idref</subfield></datafield><datafield ind1="1" ind2=" " tag="700"><subfield code="a">Willuhn, G.</subfield><subfield code="0">(RERO)A017416749</subfield></datafield><datafield ind1="1" ind2=" " tag="700"><subfield code="a">Nahrstedt, Adolf</subfield><subfield code="0">(RERO)A017416750</subfield></datafield><datafield ind1="2" ind2=" " tag="710"><subfield code="a">Société internationale de recherches sur les plantes médicinales</subfield><subfield code="b">Annual Congress</subfield><subfield code="n">41</subfield><subfield code="d">1993</subfield><subfield code="c">Düsseldorf</subfield><subfield code="0">(RERO)A017416751</subfield></datafield><datafield ind1=" " ind2=" " tag="830"><subfield code="a">Planta medica</subfield><subfield code="p">Supplement</subfield><subfield code="v">1993</subfield><subfield code="w">(RERO)0691908-41slsp</subfield></datafield><datafield ind1=" " ind2=" " tag="900"><subfield code="a">REROnoselfmerge</subfield></datafield></record>
</metadata></record>