<record><header><identifier>oai:alma.41SLSP_UGE:991000020169705502</identifier><datestamp>2023-03-01T01:08:52Z</datestamp><setSpec>uge_bcen_RapidILL_BOOK</setSpec><setSpec>uge_aaca_RapidILL_BOOK</setSpec><setSpec>uge_abels_RapidILL_BOOK</setSpec><setSpec>uge_dbu_RapidILL_BOOK</setSpec><setSpec>uge_cmu_RapidILL_BOOK</setSpec><setSpec>uge_mail_RapidILL_BOOK</setSpec><setSpec>UNIGE_ALL</setSpec><setSpec>uge_abbat_RapidILL_BOOK</setSpec><setSpec>uge_aobs_RapidILL_BOOK</setSpec><setSpec>uge_acar_RapidILL_BOOK</setSpec></header><metadata>
<record xmlns="http://www.loc.gov/MARC21/slim" xmlns:xsi="http://www.w3.org/2001/XMLSchema-instance" xsi:schemaLocation="http://www.loc.gov/MARC21/slim http://www.loc.gov/standards/marcxml/schema/MARC21slim.xsd"><leader>01317nam a2200361 c 4500</leader><controlfield tag="001">991000020169705502</controlfield><controlfield tag="005">20201231133207.0</controlfield><controlfield tag="008">201012s1981    fr ||||| |||| 00| ||eng d</controlfield><datafield ind1=" " ind2=" " tag="020"><subfield code="a">2863320106</subfield></datafield><datafield ind1="7" ind2=" " tag="024"><subfield code="a">http://catalogue.bnf.fr/ark:/12148/cb34904091k</subfield><subfield code="2">uri</subfield></datafield><datafield ind1=" " ind2=" " tag="035"><subfield code="a">(swissbib)235841803-41slsp_network</subfield></datafield><datafield ind1=" " ind2=" " tag="035"><subfield code="a">235841803</subfield><subfield code="9">ExL</subfield></datafield><datafield ind1=" " ind2=" " tag="035"><subfield code="a">(RERO)1733931-41slsp</subfield></datafield><datafield ind1=" " ind2=" " tag="035"><subfield code="a">(NEBIS)000259739EBI01</subfield></datafield><datafield ind1=" " ind2=" " tag="035"><subfield code="a">(EXLNZ-41SLSP_NETWORK)991095796559705501</subfield></datafield><datafield ind1=" " ind2=" " tag="040"><subfield code="a">RERO geussp</subfield><subfield code="d">CH-ZuSLS</subfield></datafield><datafield ind1=" " ind2="7" tag="072"><subfield code="a">py</subfield><subfield code="2">rero</subfield></datafield><datafield ind1="1" ind2=" " tag="100"><subfield code="a">Renard, Fernand M.</subfield><subfield code="0">(RERO)A003737233</subfield><subfield code="4">cre</subfield></datafield><datafield ind1="1" ind2="0" tag="245"><subfield code="a">Electron positron collisions</subfield><subfield code="c">Fernand M. Renard</subfield></datafield><datafield ind1="1" ind2=" " tag="246"><subfield code="a">Basics of electron positron collisions</subfield></datafield><datafield ind1=" " ind2="1" tag="264"><subfield code="a">Gif-sur-Yvette</subfield><subfield code="b">Frontières</subfield><subfield code="c">[1981]</subfield></datafield><datafield ind1=" " ind2="4" tag="264"><subfield code="c">© 1981</subfield></datafield><datafield ind1=" " ind2=" " tag="300"><subfield code="a">XI, 238 p.</subfield><subfield code="b">ill.</subfield><subfield code="c">23 cm</subfield></datafield><datafield ind1=" " ind2=" " tag="336"><subfield code="b">txt</subfield><subfield code="2">rdacontent</subfield></datafield><datafield ind1=" " ind2=" " tag="337"><subfield code="b">n</subfield><subfield code="2">rdamedia</subfield></datafield><datafield ind1=" " ind2=" " tag="338"><subfield code="b">nc</subfield><subfield code="2">rdacarrier</subfield></datafield><datafield ind1="1" ind2=" " tag="490"><subfield code="a">&quot;Basics of&quot;</subfield></datafield><datafield ind1=" " ind2=" " tag="504"><subfield code="a">Bibliogr.: p. 230-234</subfield></datafield><datafield ind1=" " ind2="7" tag="650"><subfield code="a">ELEKTRON-POSITRON PAARBILDUNG (TEILCHENPHYSIK)</subfield><subfield code="9">ger</subfield><subfield code="0">(ETHUDK)000015375</subfield><subfield code="2">ethudk</subfield></datafield><datafield ind1=" " ind2="7" tag="650"><subfield code="a">ELEKTRONENWECHSELWIRKUNGEN (TEILCHENPHYSIK)</subfield><subfield code="9">ger</subfield><subfield code="0">(ETHUDK)000015382</subfield><subfield code="2">ethudk</subfield></datafield><datafield ind1=" " ind2="7" tag="650"><subfield code="a">POSITRONEN (TEILCHENPHYSIK)</subfield><subfield code="9">ger</subfield><subfield code="0">(ETHUDK)000015388</subfield><subfield code="2">ethudk</subfield></datafield><datafield ind1=" " ind2="7" tag="650"><subfield code="a">QUANTENFELDTHEORIE</subfield><subfield code="9">ger</subfield><subfield code="0">(ETHUDK)000014272</subfield><subfield code="2">ethudk</subfield></datafield><datafield ind1=" " ind2=" " tag="830"><subfield code="a">&quot;Basics of&quot;</subfield><subfield code="w">(RERO)1216746-41slsp</subfield></datafield><datafield ind1=" " ind2=" " tag="900"><subfield code="a">REROnoselfmerge</subfield></datafield></record>
</metadata></record>