<record><header><identifier>oai:alma.41SLSP_UGE:991000051919705502</identifier><datestamp>2023-04-02T01:27:53Z</datestamp><setSpec>uge_bcen_RapidILL_BOOK</setSpec><setSpec>uge_aaca_RapidILL_BOOK</setSpec><setSpec>uge_abels_RapidILL_BOOK</setSpec><setSpec>uge_dbu_RapidILL_BOOK</setSpec><setSpec>uge_cmu_RapidILL_BOOK</setSpec><setSpec>uge_mail_RapidILL_BOOK</setSpec><setSpec>uge_abbat_RapidILL_BOOK</setSpec><setSpec>UNIGE_ALL</setSpec><setSpec>uge_acar_RapidILL_BOOK</setSpec><setSpec>uge_aobs_RapidILL_BOOK</setSpec></header><metadata>
<record xmlns="http://www.loc.gov/MARC21/slim" xmlns:xsi="http://www.w3.org/2001/XMLSchema-instance" xsi:schemaLocation="http://www.loc.gov/MARC21/slim http://www.loc.gov/standards/marcxml/schema/MARC21slim.xsd"><leader>01211nam a2200325 c 4500</leader><controlfield tag="001">991000051919705502</controlfield><controlfield tag="005">20230401182633.0</controlfield><controlfield tag="008">181011s2018    xxu||||| |||| 00| ||eng d</controlfield><datafield ind1=" " ind2=" " tag="020"><subfield code="a">1680503006</subfield></datafield><datafield ind1=" " ind2=" " tag="020"><subfield code="a">9781680503005</subfield></datafield><datafield ind1=" " ind2=" " tag="035"><subfield code="a">(swissbib)125156200-41slsp_network</subfield></datafield><datafield ind1=" " ind2=" " tag="035"><subfield code="a">125156200</subfield><subfield code="9">ExL</subfield></datafield><datafield ind1=" " ind2=" " tag="035"><subfield code="a">(RERO)R008852145-41slsp</subfield></datafield><datafield ind1=" " ind2=" " tag="035"><subfield code="a">(EXLNZ-41SLSP_NETWORK)991131801249705501</subfield></datafield><datafield ind1=" " ind2=" " tag="040"><subfield code="a">YDX</subfield><subfield code="b">eng</subfield><subfield code="d">CH-ZuSLS</subfield></datafield><datafield ind1=" " ind2="7" tag="072"><subfield code="a">in</subfield><subfield code="2">rero</subfield></datafield><datafield ind1="0" ind2="4" tag="082"><subfield code="a">005.1/14</subfield><subfield code="2">23</subfield></datafield><datafield ind1="1" ind2=" " tag="100"><subfield code="a">Olsen, Russ</subfield><subfield code="0">(IDREF)125332726</subfield><subfield code="4">cre</subfield></datafield><datafield ind1="1" ind2="0" tag="245"><subfield code="a">Getting clojure</subfield><subfield code="b">build your functional skills one idea at a time</subfield><subfield code="c">Russ Olsen</subfield></datafield><datafield ind1=" " ind2="1" tag="264"><subfield code="a">Raleigh, North Carolina</subfield><subfield code="b">Pragmatic Bookshelf</subfield><subfield code="c">2018</subfield></datafield><datafield ind1=" " ind2=" " tag="300"><subfield code="a">xviii, 264 pages</subfield><subfield code="b">illustrations</subfield><subfield code="c">24 cm</subfield></datafield><datafield ind1=" " ind2=" " tag="336"><subfield code="b">txt</subfield><subfield code="2">rdacontent</subfield></datafield><datafield ind1=" " ind2=" " tag="337"><subfield code="b">n</subfield><subfield code="2">rdamedia</subfield></datafield><datafield ind1=" " ind2=" " tag="338"><subfield code="b">nc</subfield><subfield code="2">rdacarrier</subfield></datafield><datafield ind1=" " ind2=" " tag="500"><subfield code="a">&quot;Skill level, this book: expert&quot;--Cover page [4]</subfield></datafield><datafield ind1=" " ind2="0" tag="650"><subfield code="a">Clojure (Computer program language)</subfield></datafield><datafield ind1=" " ind2="0" tag="650"><subfield code="a">Functional programming (Computer science)</subfield></datafield><datafield ind1=" " ind2="7" tag="650"><subfield code="a">Clojure (langage de programmation)</subfield><subfield code="0">(IDREF)187920052</subfield><subfield code="2">idref</subfield></datafield><datafield ind1=" " ind2="7" tag="650"><subfield code="a">Programmation fonctionnelle (informatique)</subfield><subfield code="0">(IDREF)030510821</subfield><subfield code="2">idref</subfield></datafield><datafield ind1=" " ind2=" " tag="900"><subfield code="a">REROnoselfmerge</subfield></datafield><datafield ind1=" " ind2=" " tag="910"><subfield code="a">OCoLC</subfield><subfield code="b">20181011</subfield><subfield code="c">Réutilisation sous conditions: Licence ODC-BY</subfield></datafield></record>
</metadata></record>