<record><header><identifier>oai:alma.41SLSP_UGE:991000026299705502</identifier><datestamp>2023-03-01T01:08:52Z</datestamp><setSpec>uge_bcen_RapidILL_BOOK</setSpec><setSpec>uge_aaca_RapidILL_BOOK</setSpec><setSpec>uge_abels_RapidILL_BOOK</setSpec><setSpec>uge_dbu_RapidILL_BOOK</setSpec><setSpec>uge_cmu_RapidILL_BOOK</setSpec><setSpec>uge_mail_RapidILL_BOOK</setSpec><setSpec>UNIGE_ALL</setSpec><setSpec>uge_abbat_RapidILL_BOOK</setSpec><setSpec>uge_aobs_RapidILL_BOOK</setSpec><setSpec>uge_acar_RapidILL_BOOK</setSpec></header><metadata>
<record xmlns="http://www.loc.gov/MARC21/slim" xmlns:xsi="http://www.w3.org/2001/XMLSchema-instance" xsi:schemaLocation="http://www.loc.gov/MARC21/slim http://www.loc.gov/standards/marcxml/schema/MARC21slim.xsd"><leader>01607nam a2200397 c 4500</leader><controlfield tag="001">991000026299705502</controlfield><controlfield tag="005">20201229233128.0</controlfield><controlfield tag="008">201011s1974    sz ||||| |||| 10| ||eng d</controlfield><datafield ind1=" " ind2=" " tag="019"><subfield code="a">SPI Retro 659543</subfield></datafield><datafield ind1=" " ind2=" " tag="035"><subfield code="a">(swissbib)214998061-41slsp_network</subfield></datafield><datafield ind1=" " ind2=" " tag="035"><subfield code="a">214998061</subfield><subfield code="9">ExL</subfield></datafield><datafield ind1=" " ind2=" " tag="035"><subfield code="a">(RERO)R003961957-41slsp</subfield></datafield><datafield ind1=" " ind2=" " tag="035"><subfield code="a">(NEBIS)000798797EBI01</subfield></datafield><datafield ind1=" " ind2=" " tag="035"><subfield code="a">(EXLNZ-41SLSP_NETWORK)991141867209705501</subfield></datafield><datafield ind1=" " ind2=" " tag="040"><subfield code="a">RERO geussp</subfield><subfield code="d">CH-ZuSLS</subfield></datafield><datafield ind1=" " ind2=" " tag="044"><subfield code="a">sz</subfield><subfield code="c">ch-ge</subfield></datafield><datafield ind1=" " ind2="7" tag="072"><subfield code="a">py</subfield><subfield code="2">rero</subfield></datafield><datafield ind1="0" ind2="0" tag="245"><subfield code="a">Proceedings of the 1974 CERN School of Physics, Windermere, England, 16-29 June 1974</subfield><subfield code="c">European Organization for Nuclear Research ; [org. with the Daresbury Nuclear Physics Laboratory, U.K.] ; [ed. O. Kofoed-Hansen]</subfield></datafield><datafield ind1=" " ind2="1" tag="264"><subfield code="a">Geneva</subfield><subfield code="b">CERN</subfield><subfield code="c">1974</subfield></datafield><datafield ind1=" " ind2=" " tag="300"><subfield code="a">VII, 215 p.</subfield><subfield code="b">ill.</subfield><subfield code="c">30 cm</subfield></datafield><datafield ind1=" " ind2=" " tag="336"><subfield code="b">txt</subfield><subfield code="2">rdacontent</subfield></datafield><datafield ind1=" " ind2=" " tag="337"><subfield code="b">n</subfield><subfield code="2">rdamedia</subfield></datafield><datafield ind1=" " ind2=" " tag="338"><subfield code="b">nc</subfield><subfield code="2">rdacarrier</subfield></datafield><datafield ind1="1" ind2=" " tag="490"><subfield code="a">Proceedings of the Cern School of Physics...</subfield><subfield code="v">1974</subfield></datafield><datafield ind1="1" ind2=" " tag="490"><subfield code="a">CERN</subfield><subfield code="v">74-22</subfield></datafield><datafield ind1=" " ind2=" " tag="500"><subfield code="a">Congrès de physique. Windermere. 1974</subfield></datafield><datafield ind1=" " ind2=" " tag="504"><subfield code="a">Bibliogr</subfield></datafield><datafield ind1=" " ind2="7" tag="655"><subfield code="a">Konferenzschrift</subfield><subfield code="z">Windermere</subfield><subfield code="y">1974</subfield><subfield code="2">gnd-content</subfield></datafield><datafield ind1="1" ind2=" " tag="700"><subfield code="a">Kofoed-Hansen, Otto</subfield><subfield code="0">(RERO)A003464862</subfield></datafield><datafield ind1="2" ind2=" " tag="710"><subfield code="a">Centre européen pour la recherche nucléaire</subfield><subfield code="0">(IDREF)026603268</subfield></datafield><datafield ind1="2" ind2=" " tag="710"><subfield code="a">Daresbury Nuclear Physics Laboratory (Great Britain)</subfield><subfield code="0">(RERO)A011843254</subfield></datafield><datafield ind1="2" ind2=" " tag="711"><subfield code="a">CERN School of Physics</subfield><subfield code="0">(DE-588)1092031774</subfield></datafield><datafield ind1="2" ind2=" " tag="711"><subfield code="a">CERN School of Physics</subfield><subfield code="d">1974</subfield><subfield code="c">Windermere</subfield><subfield code="0">(RERO)A012488699</subfield></datafield><datafield ind1=" " ind2=" " tag="830"><subfield code="a">Proceedings of the Cern School of Physics</subfield><subfield code="v">1974</subfield><subfield code="w">(RERO)2212063-41slsp</subfield></datafield><datafield ind1=" " ind2=" " tag="830"><subfield code="a">CERN</subfield><subfield code="v">74/22</subfield><subfield code="w">(NEBIS)000022122EBI01</subfield></datafield><datafield ind1=" " ind2=" " tag="900"><subfield code="a">REROnoselfmerge</subfield></datafield><datafield ind1=" " ind2=" " tag="900"><subfield code="a">IDSE1N25</subfield></datafield></record>
</metadata></record>