<record><header><identifier>oai:alma.41SLSP_UGE:991000002249705502</identifier><datestamp>2023-06-30T00:18:39Z</datestamp><setSpec>uge_bcen_RapidILL_BOOK</setSpec><setSpec>uge_aaca_RapidILL_BOOK</setSpec><setSpec>uge_abels_RapidILL_BOOK</setSpec><setSpec>uge_dbu_RapidILL_BOOK</setSpec><setSpec>uge_cmu_RapidILL_BOOK</setSpec><setSpec>uge_mail_RapidILL_BOOK</setSpec><setSpec>uge_abbat_RapidILL_BOOK</setSpec><setSpec>UNIGE_ALL</setSpec><setSpec>uge_aobs_RapidILL_BOOK</setSpec><setSpec>uge_acar_RapidILL_BOOK</setSpec></header><metadata>
<record xmlns="http://www.loc.gov/MARC21/slim" xmlns:xsi="http://www.w3.org/2001/XMLSchema-instance" xsi:schemaLocation="http://www.loc.gov/MARC21/slim http://www.loc.gov/standards/marcxml/schema/MARC21slim.xsd"><leader>02618naa a2200517 c 4500</leader><controlfield tag="001">991000002249705502</controlfield><controlfield tag="005">20230629185215.0</controlfield><controlfield tag="008">061013s2006    gw ||||| |||| 00| ||ger d</controlfield><datafield ind1=" " ind2=" " tag="035"><subfield code="a">(swissbib)104201630-41slsp_network</subfield></datafield><datafield ind1=" " ind2=" " tag="035"><subfield code="a">104201630</subfield><subfield code="9">ExL</subfield></datafield><datafield ind1=" " ind2=" " tag="035"><subfield code="a">(RERO)R004227889-41slsp</subfield></datafield><datafield ind1=" " ind2=" " tag="035"><subfield code="a">(EXLNZ-41SLSP_NETWORK)991068354989705501</subfield></datafield><datafield ind1=" " ind2=" " tag="040"><subfield code="a">RERO geubfd</subfield><subfield code="d">CH-ZuSLS</subfield></datafield><datafield ind1=" " ind2="7" tag="072"><subfield code="a">dr</subfield><subfield code="2">rero</subfield></datafield><datafield ind1=" " ind2=" " tag="084"><subfield code="a">CA/CH 30.1 i</subfield><subfield code="2">cjurrom</subfield></datafield><datafield ind1=" " ind2=" " tag="084"><subfield code="a">CA/CH 79.3 i</subfield><subfield code="2">cjurrom</subfield></datafield><datafield ind1=" " ind2=" " tag="084"><subfield code="a">CA/CH 54.2 i</subfield><subfield code="2">cjurrom</subfield></datafield><datafield ind1="1" ind2=" " tag="100"><subfield code="a">Staiger, Hans-Rudolf</subfield><subfield code="0">(RERO)A003856978</subfield><subfield code="4">cre</subfield></datafield><datafield ind1="1" ind2="0" tag="245"><subfield code="a">[Handbuch des internationalen GmbH-Rechts]</subfield><subfield code="b">Schweiz</subfield><subfield code="c">Hans-Rudolf Staiger</subfield></datafield><datafield ind1="1" ind2=" " tag="246"><subfield code="a">Länderbericht Schweiz</subfield><subfield code="b">Handbuch des internationalen GmbH-Rechts</subfield></datafield><datafield ind1="1" ind2=" " tag="246"><subfield code="a">Schweiz</subfield><subfield code="b">Handbuch des internationalen GmbH-Rechts : Länderbericht</subfield></datafield><datafield ind1=" " ind2=" " tag="336"><subfield code="b">txt</subfield><subfield code="2">rdacontent</subfield></datafield><datafield ind1=" " ind2=" " tag="337"><subfield code="b">n</subfield><subfield code="2">rdamedia</subfield></datafield><datafield ind1=" " ind2=" " tag="338"><subfield code="b">nc</subfield><subfield code="2">rdacarrier</subfield></datafield><datafield ind1=" " ind2=" " tag="580"><subfield code="a">In: Handbuch des internationalen GmbH-Rechts. - Angelbachtal : Zerb, 2006. - P. 1385-1436</subfield></datafield><datafield ind1=" " ind2="7" tag="650"><subfield code="a">Gesellschaft mit beschränkter Haftung</subfield><subfield code="9">ger</subfield><subfield code="0">(RERO)jurivoc000009842ger</subfield><subfield code="2">jurivoc</subfield></datafield><datafield ind1=" " ind2="7" tag="650"><subfield code="a">Revision(Rechtssetzung)</subfield><subfield code="9">ger</subfield><subfield code="0">(RERO)jurivoc000018895ger</subfield><subfield code="2">jurivoc</subfield></datafield><datafield ind1=" " ind2="7" tag="650"><subfield code="a">internationales Privatrecht</subfield><subfield code="9">ger</subfield><subfield code="0">(RERO)jurivoc000011981ger</subfield><subfield code="2">jurivoc</subfield></datafield><datafield ind1=" " ind2="7" tag="650"><subfield code="a">Gründung der Gesellschaft</subfield><subfield code="9">ger</subfield><subfield code="0">(RERO)jurivoc000010508ger</subfield><subfield code="2">jurivoc</subfield></datafield><datafield ind1=" " ind2="7" tag="650"><subfield code="a">Statuten</subfield><subfield code="9">ger</subfield><subfield code="0">(RERO)jurivoc000021304ger</subfield><subfield code="2">jurivoc</subfield></datafield><datafield ind1=" " ind2="7" tag="650"><subfield code="a">Handelsregister</subfield><subfield code="9">ger</subfield><subfield code="0">(RERO)jurivoc000010811ger</subfield><subfield code="2">jurivoc</subfield></datafield><datafield ind1=" " ind2="7" tag="650"><subfield code="a">Eintragung</subfield><subfield code="9">ger</subfield><subfield code="0">(RERO)jurivoc000006613ger</subfield><subfield code="2">jurivoc</subfield></datafield><datafield ind1=" " ind2="7" tag="650"><subfield code="a">Gesellschafter</subfield><subfield code="9">ger</subfield><subfield code="0">(RERO)jurivoc000009844ger</subfield><subfield code="2">jurivoc</subfield></datafield><datafield ind1=" " ind2="7" tag="650"><subfield code="a">Organ(juristische Person)</subfield><subfield code="9">ger</subfield><subfield code="0">(RERO)jurivoc000016611ger</subfield><subfield code="2">jurivoc</subfield></datafield><datafield ind1=" " ind2="7" tag="650"><subfield code="a">privatrechtliche Haftung</subfield><subfield code="9">ger</subfield><subfield code="0">(RERO)jurivoc000017692ger</subfield><subfield code="2">jurivoc</subfield></datafield><datafield ind1=" " ind2="7" tag="650"><subfield code="a">Zweigniederlassung</subfield><subfield code="9">ger</subfield><subfield code="0">(RERO)jurivoc000027517ger</subfield><subfield code="2">jurivoc</subfield></datafield><datafield ind1=" " ind2="7" tag="650"><subfield code="a">Fusion</subfield><subfield code="9">ger</subfield><subfield code="0">(RERO)jurivoc000008955ger</subfield><subfield code="2">jurivoc</subfield></datafield><datafield ind1=" " ind2="7" tag="650"><subfield code="a">Konzern</subfield><subfield code="9">ger</subfield><subfield code="0">(RERO)jurivoc000013377ger</subfield><subfield code="2">jurivoc</subfield></datafield><datafield ind1=" " ind2="7" tag="650"><subfield code="a">Schuldbetreibungs- und Konkursrecht</subfield><subfield code="9">ger</subfield><subfield code="0">(RERO)jurivoc000019724ger</subfield><subfield code="2">jurivoc</subfield></datafield><datafield ind1=" " ind2="7" tag="650"><subfield code="a">Steuer vom Unternehmungsgewinn</subfield><subfield code="9">ger</subfield><subfield code="0">(RERO)jurivoc000021379ger</subfield><subfield code="2">jurivoc</subfield></datafield><datafield ind1=" " ind2="7" tag="650"><subfield code="a">Gesellschaftsanteil</subfield><subfield code="9">ger</subfield><subfield code="0">(RERO)jurivoc000050165ger</subfield><subfield code="2">jurivoc</subfield></datafield><datafield ind1=" " ind2="7" tag="650"><subfield code="a">Entreprises multinationales</subfield><subfield code="0">(IDREF)027261166</subfield><subfield code="2">idref</subfield></datafield><datafield ind1=" " ind2="7" tag="650"><subfield code="a">société à responsabilité limitée</subfield><subfield code="0">(RERO)A010151415</subfield><subfield code="2">rerovoc</subfield></datafield><datafield ind1=" " ind2="7" tag="650"><subfield code="a">Droit fiscal (droit international)</subfield><subfield code="0">(IDREF)027741583</subfield><subfield code="2">idref</subfield></datafield><datafield ind1=" " ind2="7" tag="651"><subfield code="a">Schweiz</subfield><subfield code="9">ger</subfield><subfield code="0">(RERO)jurivoc000019912ger</subfield><subfield code="2">jurivoc</subfield></datafield><datafield ind1=" " ind2="7" tag="651"><subfield code="a">Suisse</subfield><subfield code="0">(IDREF)027249654</subfield><subfield code="2">idref</subfield></datafield><datafield ind1="0" ind2=" " tag="773"><subfield code="t">Handbuch des internationalen GmbH-Rechts</subfield><subfield code="g">1385</subfield><subfield code="g">yr:1385</subfield></datafield></record>
</metadata></record>