<record><header><identifier>oai:alma.41SLSP_UGE:991000003439705502</identifier><datestamp>2023-03-01T01:08:52Z</datestamp><setSpec>uge_bcen_RapidILL_BOOK</setSpec><setSpec>uge_aaca_RapidILL_BOOK</setSpec><setSpec>uge_abels_RapidILL_BOOK</setSpec><setSpec>uge_dbu_RapidILL_BOOK</setSpec><setSpec>uge_cmu_RapidILL_BOOK</setSpec><setSpec>uge_mail_RapidILL_BOOK</setSpec><setSpec>UNIGE_ALL</setSpec><setSpec>uge_abbat_RapidILL_BOOK</setSpec><setSpec>uge_aobs_RapidILL_BOOK</setSpec><setSpec>uge_acar_RapidILL_BOOK</setSpec></header><metadata>
<record xmlns="http://www.loc.gov/MARC21/slim" xmlns:xsi="http://www.w3.org/2001/XMLSchema-instance" xsi:schemaLocation="http://www.loc.gov/MARC21/slim http://www.loc.gov/standards/marcxml/schema/MARC21slim.xsd"><leader>02032nam a2200565 c 4500</leader><controlfield tag="001">991000003439705502</controlfield><controlfield tag="005">20201231125654.0</controlfield><controlfield tag="008">201012s1995    xxu||||| |||| 00| ||eng d</controlfield><datafield ind1=" " ind2=" " tag="019"><subfield code="a">Blount, Brian K. (1955-)</subfield></datafield><datafield ind1=" " ind2=" " tag="020"><subfield code="a">0800628594</subfield><subfield code="q">alk. paper</subfield></datafield><datafield ind1=" " ind2=" " tag="035"><subfield code="a">(swissbib)237733056-41slsp_network</subfield></datafield><datafield ind1=" " ind2=" " tag="035"><subfield code="a">237733056</subfield><subfield code="9">ExL</subfield></datafield><datafield ind1=" " ind2=" " tag="035"><subfield code="a">(RERO)2235347-41slsp</subfield></datafield><datafield ind1=" " ind2=" " tag="035"><subfield code="a">(IDSBB)001633080DSV01</subfield></datafield><datafield ind1=" " ind2=" " tag="035"><subfield code="a">(NEBIS)001551766EBI01</subfield></datafield><datafield ind1=" " ind2=" " tag="035"><subfield code="a">(EXLNZ-41SLSP_NETWORK)991129366529705501</subfield></datafield><datafield ind1=" " ind2=" " tag="040"><subfield code="a">RERO geuth-</subfield><subfield code="d">CH-ZuSLS</subfield></datafield><datafield ind1=" " ind2="7" tag="072"><subfield code="a">th</subfield><subfield code="2">rero</subfield></datafield><datafield ind1=" " ind2="7" tag="072"><subfield code="a">th</subfield><subfield code="2">SzZuIDS BS/BE</subfield></datafield><datafield ind1="0" ind2="0" tag="082"><subfield code="a">225.6/09/04</subfield><subfield code="2">20</subfield></datafield><datafield ind1=" " ind2=" " tag="084"><subfield code="a">BC 6090</subfield><subfield code="2">rvk</subfield></datafield><datafield ind1="1" ind2=" " tag="100"><subfield code="a">Blount, Brian K.</subfield><subfield code="0">(RERO)A003015247</subfield><subfield code="4">cre</subfield></datafield><datafield ind1="1" ind2="0" tag="245"><subfield code="a">Cultural interpretation</subfield><subfield code="b">reorienting New Testament criticism</subfield><subfield code="c">Brian K. Blount</subfield></datafield><datafield ind1=" " ind2="1" tag="264"><subfield code="a">Minneapolis</subfield><subfield code="b">Fortress Press</subfield><subfield code="c">1995</subfield></datafield><datafield ind1=" " ind2=" " tag="300"><subfield code="a">X, 222 p.</subfield><subfield code="b">portr.</subfield><subfield code="c">22 cm</subfield></datafield><datafield ind1=" " ind2=" " tag="336"><subfield code="b">txt</subfield><subfield code="2">rdacontent</subfield></datafield><datafield ind1=" " ind2=" " tag="337"><subfield code="b">n</subfield><subfield code="2">rdamedia</subfield></datafield><datafield ind1=" " ind2=" " tag="338"><subfield code="b">nc</subfield><subfield code="2">rdacarrier</subfield></datafield><datafield ind1=" " ind2=" " tag="504"><subfield code="a">Includes bibliographical references (p. 213-217) and indexes.</subfield></datafield><datafield ind1=" " ind2=" " tag="504"><subfield code="a">Literaturverzeichnis</subfield></datafield><datafield ind1="0" ind2="7" tag="600"><subfield code="a">Jesus Christus</subfield><subfield code="2">idszbz</subfield></datafield><datafield ind1="0" ind2="0" tag="600"><subfield code="a">Jesus Christ</subfield><subfield code="v">Trials, litigation, etc</subfield></datafield><datafield ind1="0" ind2="0" tag="600"><subfield code="a">Jesus Christ</subfield><subfield code="x">Trial</subfield></datafield><datafield ind1="0" ind2="7" tag="630"><subfield code="a">Bible</subfield><subfield code="p">NT</subfield><subfield code="0">(RERO)A009967469</subfield><subfield code="2">rero</subfield></datafield><datafield ind1="0" ind2="7" tag="630"><subfield code="a">Markusevangelium 14,53-65</subfield><subfield code="2">idszbz</subfield></datafield><datafield ind1="0" ind2="7" tag="630"><subfield code="a">Neues Testament</subfield><subfield code="2">idszbz</subfield></datafield><datafield ind1="0" ind2="0" tag="630"><subfield code="a">Bible</subfield><subfield code="p">Mark</subfield><subfield code="x">Criticism, interpretation, etc</subfield></datafield><datafield ind1="0" ind2="0" tag="630"><subfield code="a">Bible</subfield><subfield code="p">Mark XIV, 53-65</subfield><subfield code="x">Criticism, interpretation, etc</subfield></datafield><datafield ind1="0" ind2="0" tag="630"><subfield code="a">Bible</subfield><subfield code="p">New Testament</subfield><subfield code="x">Criticism, interpretation, etc</subfield><subfield code="x">History</subfield><subfield code="y">20th century</subfield></datafield><datafield ind1="0" ind2="0" tag="630"><subfield code="a">Bible</subfield><subfield code="p">New Testament</subfield><subfield code="x">Hermeneutics</subfield></datafield><datafield ind1="0" ind2="0" tag="630"><subfield code="a">Bible</subfield><subfield code="p">New Testament</subfield><subfield code="x">Social scientific criticism</subfield></datafield><datafield ind1=" " ind2="7" tag="650"><subfield code="a">critique culturelle</subfield><subfield code="0">(RERO)A010070325</subfield><subfield code="2">rerovoc</subfield></datafield><datafield ind1=" " ind2="7" tag="650"><subfield code="a">Methode</subfield><subfield code="2">idszbz</subfield></datafield><datafield ind1=" " ind2="7" tag="650"><subfield code="a">Exegese</subfield><subfield code="2">idszbz</subfield></datafield><datafield ind1=" " ind2="7" tag="650"><subfield code="a">Prozess</subfield><subfield code="2">idszbz</subfield></datafield><datafield ind1=" " ind2="7" tag="650"><subfield code="a">Soziolinguistik</subfield><subfield code="2">idszbz</subfield></datafield><datafield ind1=" " ind2="7" tag="650"><subfield code="a">Christentum</subfield><subfield code="0">(DE-588)4010074-1</subfield><subfield code="2">gnd</subfield></datafield><datafield ind1=" " ind2="7" tag="650"><subfield code="a">Kultur</subfield><subfield code="0">(DE-588)4125698-0</subfield><subfield code="2">gnd</subfield></datafield><datafield ind1=" " ind2="0" tag="650"><subfield code="a">Christianity and culture</subfield></datafield><datafield ind1=" " ind2="0" tag="650"><subfield code="a">Sociolinguistics</subfield></datafield><datafield ind1=" " ind2=" " tag="900"><subfield code="a">REROnoselfmerge</subfield></datafield></record>
</metadata></record>