<record><header><identifier>oai:alma.41SLSP_UGE:991000051399705502</identifier><datestamp>2023-03-01T01:08:52Z</datestamp><setSpec>uge_bcen_RapidILL_BOOK</setSpec><setSpec>uge_aaca_RapidILL_BOOK</setSpec><setSpec>uge_abels_RapidILL_BOOK</setSpec><setSpec>uge_dbu_RapidILL_BOOK</setSpec><setSpec>uge_cmu_RapidILL_BOOK</setSpec><setSpec>uge_mail_RapidILL_BOOK</setSpec><setSpec>uge_abbat_RapidILL_BOOK</setSpec><setSpec>UNIGE_ALL</setSpec><setSpec>uge_acar_RapidILL_BOOK</setSpec><setSpec>uge_aobs_RapidILL_BOOK</setSpec></header><metadata>
<record xmlns="http://www.loc.gov/MARC21/slim" xmlns:xsi="http://www.w3.org/2001/XMLSchema-instance" xsi:schemaLocation="http://www.loc.gov/MARC21/slim http://www.loc.gov/standards/marcxml/schema/MARC21slim.xsd"><leader>03472nam a22005177c 4500</leader><controlfield tag="001">991000051399705502</controlfield><controlfield tag="005">20230227195136.0</controlfield><controlfield tag="008">201011s2011    fr ||||| |||| 00| ||fre d</controlfield><datafield ind1=" " ind2=" " tag="020"><subfield code="a">9782757305409</subfield></datafield><datafield ind1="7" ind2=" " tag="024"><subfield code="a">http://catalogue.bnf.fr/ark:/12148/cb426807200</subfield><subfield code="2">uri</subfield></datafield><datafield ind1=" " ind2=" " tag="035"><subfield code="a">(swissbib)215329821-41slsp_network</subfield></datafield><datafield ind1=" " ind2=" " tag="035"><subfield code="a">215329821</subfield><subfield code="9">ExL</subfield></datafield><datafield ind1=" " ind2=" " tag="035"><subfield code="a">(RERO)R006296487-41slsp</subfield></datafield><datafield ind1=" " ind2=" " tag="035"><subfield code="a">(NEBIS)007616144EBI01</subfield></datafield><datafield ind1=" " ind2=" " tag="035"><subfield code="a">(EXLNZ-41SLSP_NETWORK)991158069999705501</subfield></datafield><datafield ind1=" " ind2=" " tag="040"><subfield code="a">RERO vshevs</subfield><subfield code="d">CH-ZuSLS</subfield></datafield><datafield ind1=" " ind2="7" tag="072"><subfield code="a">me</subfield><subfield code="2">rero</subfield></datafield><datafield ind1="1" ind2=" " tag="080"><subfield code="a">377</subfield></datafield><datafield ind1="0" ind2="0" tag="245"><subfield code="a">&lt;&lt;Le&gt;&gt; guide du formateur</subfield><subfield code="b">une approche par compétences</subfield><subfield code="c">sous la direction d'Anne-Claude Allin-Pfister</subfield></datafield><datafield ind1=" " ind2="1" tag="264"><subfield code="a">Rueil-Malmaison</subfield><subfield code="b">Lamarre</subfield><subfield code="c">2011</subfield></datafield><datafield ind1=" " ind2=" " tag="300"><subfield code="a">329 p.</subfield></datafield><datafield ind1=" " ind2=" " tag="336"><subfield code="b">txt</subfield><subfield code="2">rdacontent</subfield></datafield><datafield ind1=" " ind2=" " tag="337"><subfield code="b">n</subfield><subfield code="2">rdamedia</subfield></datafield><datafield ind1=" " ind2=" " tag="338"><subfield code="b">nc</subfield><subfield code="2">rdacarrier</subfield></datafield><datafield ind1="0" ind2=" " tag="490"><subfield code="a">Fonction cadre de santé. Gestion des ressources humaines</subfield></datafield><datafield ind1="8" ind2=" " tag="520"><subfield code="a">La formation infirmière est en pleine mutation en Europe francophone. De nombreux changements majeurs sont en route aujourd'hui en France et dans d'autres pays européens, tels que l'universitarisation de la formation (entrée dans le système LMD), le changement de paradigme de formation (approche par compétences), la place de la recherche dans la formation, le développement de pratiques infirmières avancées, pour ne citer que les principaux. [Ces développements] ont déjà eu lieu dans les pays anglo-saxons et dans les pays nordiques qui les ont réalisés il y a plusieurs décennies déjà. En Suisse francophone, les programmes par compétences datent des années 1990-2000 et l'entrée dans le système LMD s'est faite en 2006. Un groupe de formateurs de la Haute École de la santé La Source à Lausanne, participant au tout nouveau centre d'innovation pédagogique de l'Institution (CIP), a décidé de partager, avec l'ensemble des formateurs en soins infirmiers francophones, son expérience de plusieurs années, ses méthodes et ses outils, ses certitudes, mais également ses questions en matière de formation des infirmières. Ce livre présente des approches pédagogiques propices au développement des compétences, des outils pratiques, des exemples concrets et des espaces pour créer ses propres outils. [Ed.]</subfield><subfield code="5">RERO/vdcdsp/05.2013</subfield></datafield><datafield ind1="2" ind2="7" tag="610"><subfield code="a">Haute école de la santé La Source</subfield><subfield code="g">Lausanne, Suisse</subfield><subfield code="0">(IDREF)112193811</subfield><subfield code="2">idref</subfield></datafield><datafield ind1=" " ind2="2" tag="650"><subfield code="a">Education, Nursing</subfield><subfield code="x">methods</subfield></datafield><datafield ind1=" " ind2="2" tag="650"><subfield code="a">Teaching</subfield><subfield code="x">methods</subfield></datafield><datafield ind1=" " ind2="2" tag="650"><subfield code="a">Competency-Based Education</subfield><subfield code="x">methods</subfield></datafield><datafield ind1=" " ind2="7" tag="650"><subfield code="a">Infirmières</subfield><subfield code="0">(IDREF)02732527X</subfield><subfield code="2">idref</subfield></datafield><datafield ind1=" " ind2="7" tag="650"><subfield code="a">Formation</subfield><subfield code="0">(IDREF)027791017</subfield><subfield code="2">idref</subfield></datafield><datafield ind1=" " ind2="2" tag="650"><subfield code="a">Education, Nursing</subfield></datafield><datafield ind1=" " ind2="2" tag="650"><subfield code="a">Teaching</subfield></datafield><datafield ind1=" " ind2="2" tag="650"><subfield code="a">Competency-Based Education</subfield></datafield><datafield ind1=" " ind2="7" tag="650"><subfield code="a">Formation professionnelle</subfield><subfield code="0">(IDREF)027276643</subfield><subfield code="2">idref</subfield></datafield><datafield ind1=" " ind2="7" tag="650"><subfield code="a">Pédagogie</subfield><subfield code="0">(IDREF)027246159</subfield><subfield code="2">idref</subfield></datafield><datafield ind1=" " ind2="7" tag="650"><subfield code="a">Soins infirmiers</subfield><subfield code="0">(IDREF)027249026</subfield><subfield code="2">idref</subfield></datafield><datafield ind1=" " ind2="7" tag="650"><subfield code="a">Méthodologie</subfield><subfield code="0">(IDREF)027239489</subfield><subfield code="2">idref</subfield></datafield><datafield ind1=" " ind2="7" tag="650"><subfield code="a">soins infirmiers - enseignement</subfield><subfield code="0">(RERO)A010151941</subfield><subfield code="2">rerovoc</subfield></datafield><datafield ind1=" " ind2="7" tag="650"><subfield code="a">Professionnalisme</subfield><subfield code="0">(IDREF)034628789</subfield><subfield code="2">idref</subfield></datafield><datafield ind1=" " ind2="7" tag="650"><subfield code="a">ADULT EDUCATION (FURTHER EDUCATION)</subfield><subfield code="9">eng</subfield><subfield code="0">(ETHUDK)000012194</subfield><subfield code="2">ethudk</subfield></datafield><datafield ind1=" " ind2="7" tag="650"><subfield code="a">PÉDAGOGIE PROFESSIONNELLE + PÉDAGOGIE DE L'ÉCONOMIE (FORMATION PROFESSIONELLE)</subfield><subfield code="9">fre</subfield><subfield code="0">(ETHUDK)000012008</subfield><subfield code="2">ethudk</subfield></datafield><datafield ind1=" " ind2="7" tag="650"><subfield code="a">SOINS HOSPITALIERS (SOINS AUX MALADES)</subfield><subfield code="9">fre</subfield><subfield code="0">(ETHUDK)000052545</subfield><subfield code="2">ethudk</subfield></datafield><datafield ind1=" " ind2="2" tag="655"><subfield code="a">Handbook</subfield></datafield><datafield ind1="1" ind2=" " tag="700"><subfield code="a">Allin-Pfister, Anne-Claude</subfield><subfield code="d">1958-....</subfield><subfield code="0">(IDREF)034933662</subfield></datafield><datafield ind1=" " ind2=" " tag="900"><subfield code="a">REROnoselfmerge</subfield></datafield></record>
</metadata></record>