<record><header><identifier>oai:alma.41SLSP_UGE:991000003959705502</identifier><datestamp>2024-03-09T01:34:43Z</datestamp><setSpec>uge_bcen_RapidILL_BOOK</setSpec><setSpec>uge_aaca_RapidILL_BOOK</setSpec><setSpec>uge_abels_RapidILL_BOOK</setSpec><setSpec>uge_dbu_RapidILL_BOOK</setSpec><setSpec>uge_cmu_RapidILL_BOOK</setSpec><setSpec>uge_mail_RapidILL_BOOK</setSpec><setSpec>uge_abbat_RapidILL_BOOK</setSpec><setSpec>UNIGE_ALL</setSpec><setSpec>uge_acar_RapidILL_BOOK</setSpec><setSpec>uge_aobs_RapidILL_BOOK</setSpec></header><metadata>
<record xmlns="http://www.loc.gov/MARC21/slim" xmlns:xsi="http://www.w3.org/2001/XMLSchema-instance" xsi:schemaLocation="http://www.loc.gov/MARC21/slim http://www.loc.gov/standards/marcxml/schema/MARC21slim.xsd"><leader>02892nam a2200565 c 4500</leader><controlfield tag="001">991000003959705502</controlfield><controlfield tag="005">20240308232738.0</controlfield><controlfield tag="008">201011s1945    sz ||||| m||| 00| ||fre d</controlfield><datafield ind1=" " ind2=" " tag="019"><subfield code="a">Catalogage décrit: l'ex. de thèse et l'ex. commercial</subfield><subfield code="5">RERO/geubib/04.2010</subfield></datafield><datafield ind1=" " ind2=" " tag="035"><subfield code="a">(swissbib)214024210-41slsp_network</subfield></datafield><datafield ind1=" " ind2=" " tag="035"><subfield code="a">214024210</subfield><subfield code="9">ExL</subfield></datafield><datafield ind1=" " ind2=" " tag="035"><subfield code="a">(RERO)0115248-41slsp</subfield></datafield><datafield ind1=" " ind2=" " tag="035"><subfield code="a">(NEBIS)004204926EBI01</subfield></datafield><datafield ind1=" " ind2=" " tag="035"><subfield code="a">(IDSLU)000689694ILU01</subfield></datafield><datafield ind1=" " ind2=" " tag="035"><subfield code="a">(ABN)000093829ABN01</subfield></datafield><datafield ind1=" " ind2=" " tag="035"><subfield code="a">(EXLNZ-41SLSP_NETWORK)991025495929705501</subfield></datafield><datafield ind1=" " ind2=" " tag="040"><subfield code="a">RERO</subfield><subfield code="d">CH-ZuSLS</subfield></datafield><datafield ind1=" " ind2="7" tag="072"><subfield code="a">go</subfield><subfield code="2">rero</subfield></datafield><datafield ind1=" " ind2="7" tag="072"><subfield code="a">st</subfield><subfield code="2">rero</subfield></datafield><datafield ind1="1" ind2=" " tag="100"><subfield code="6">880-01</subfield><subfield code="a">Badoux, Héli</subfield><subfield code="d">1911-2001</subfield><subfield code="0">(IDREF)030451906</subfield><subfield code="4">cre</subfield></datafield><datafield ind1="1" ind2=" " tag="880"><subfield code="a">Badoux, Héli</subfield><subfield code="d">1911-2001</subfield><subfield code="0">(DE-588)101498640</subfield><subfield code="6">100-01</subfield></datafield><datafield ind1="1" ind2="0" tag="245"><subfield code="a">&lt;&lt;La&gt;&gt; géologie de la zone des cols entre la Sarine et le Hahnenmoos</subfield><subfield code="c">par Héli Badoux</subfield></datafield><datafield ind1=" " ind2="1" tag="264"><subfield code="a">Berne</subfield><subfield code="b">Kuemmerly und Frey</subfield><subfield code="c">1945</subfield></datafield><datafield ind1=" " ind2=" " tag="300"><subfield code="a">X, 70 p., IV f. de pl.</subfield><subfield code="b">fig.</subfield><subfield code="c">32 cm</subfield></datafield><datafield ind1=" " ind2=" " tag="336"><subfield code="b">txt</subfield><subfield code="2">rdacontent</subfield></datafield><datafield ind1=" " ind2=" " tag="337"><subfield code="b">n</subfield><subfield code="2">rdamedia</subfield></datafield><datafield ind1=" " ind2=" " tag="338"><subfield code="b">nc</subfield><subfield code="2">rdacarrier</subfield></datafield><datafield ind1="1" ind2=" " tag="490"><subfield code="a">Beiträge zur geologischen Karte der Schweiz. Neue Folge</subfield><subfield code="v">Lfg. 84 = Lfg. 114</subfield></datafield><datafield ind1="1" ind2=" " tag="490"><subfield code="a">Matériaux pour la carte géologique de la Suisse</subfield><subfield code="v">livr. 114 = Nouv. sér., livr. 84</subfield></datafield><datafield ind1=" " ind2=" " tag="502"><subfield code="a">Th. Sc. Lausanne, 1942</subfield></datafield><datafield ind1=" " ind2="7" tag="650"><subfield code="a">Géologie</subfield><subfield code="0">(IDREF)027227987</subfield><subfield code="2">idref</subfield></datafield><datafield ind1=" " ind2="7" tag="650"><subfield code="a">ANTIKLINALEN (GEOLOGIE)</subfield><subfield code="9">ger</subfield><subfield code="0">(ETHUDK)000020025</subfield><subfield code="2">ethudk</subfield></datafield><datafield ind1=" " ind2="7" tag="650"><subfield code="a">GEOLOGIE + REGIONAL GEOLOGIE + ERDWISSENSCHAFTEN</subfield><subfield code="9">ger</subfield><subfield code="0">(ETHUDK)000019843</subfield><subfield code="2">ethudk</subfield></datafield><datafield ind1=" " ind2="7" tag="650"><subfield code="a">GEOLOGISCHE PROFILE</subfield><subfield code="9">ger</subfield><subfield code="0">(ETHUDK)000038530</subfield><subfield code="2">ethudk</subfield></datafield><datafield ind1=" " ind2="7" tag="650"><subfield code="a">LITHOSTRATIGRAPHIE</subfield><subfield code="9">ger</subfield><subfield code="0">(ETHUDK)000020459</subfield><subfield code="2">ethudk</subfield></datafield><datafield ind1=" " ind2="7" tag="650"><subfield code="a">PLAINE MORTE (BERNER ALPEN)</subfield><subfield code="9">ger</subfield><subfield code="0">(ETHUDK)000000427</subfield><subfield code="2">ethudk</subfield></datafield><datafield ind1=" " ind2="7" tag="650"><subfield code="a">SAANEBEZIRK. DISTRICT DE LA SARINE (KANTON FREIBURG)</subfield><subfield code="9">ger</subfield><subfield code="0">(ETHUDK)000005684</subfield><subfield code="2">ethudk</subfield></datafield><datafield ind1=" " ind2="7" tag="650"><subfield code="a">ÜBERSCHIEBUNGEN + TEKTONISCHE DECKEN + SCHUPPENBAU + GEOLOGISCHE FENSTER + KLIPPEN + ÜBERSCHOBENE FLÄCHEN (GEOLOGIE)</subfield><subfield code="9">ger</subfield><subfield code="0">(ETHUDK)000020027</subfield><subfield code="2">ethudk</subfield></datafield><datafield ind1=" " ind2="7" tag="651"><subfield code="a">Préalpes (chaîne)</subfield><subfield code="0">(RERO)A009956377</subfield><subfield code="2">rero</subfield></datafield><datafield ind1=" " ind2="7" tag="651"><subfield code="a">Sarine (Suisse, bassin)</subfield><subfield code="0">(RERO)A010146268</subfield><subfield code="2">rero</subfield></datafield><datafield ind1=" " ind2="7" tag="651"><subfield code="a">Hahnenmoos (Suisse, région)</subfield><subfield code="0">(RERO)A010093042</subfield><subfield code="2">rero</subfield></datafield><datafield ind1=" " ind2=" " tag="690"><subfield code="a">Berner Oberland, B: Geologie</subfield><subfield code="2">rzs-L1</subfield></datafield><datafield ind1=" " ind2=" " tag="690"><subfield code="a">Geologie. Schweiz, B: Alpen: Berner Alpen</subfield><subfield code="2">rzs-L1</subfield></datafield><datafield ind1=" " ind2=" " tag="690"><subfield code="a">Geologie</subfield><subfield code="2">rzs-LN</subfield></datafield><datafield ind1=" " ind2=" " tag="690"><subfield code="a">Berner Oberland</subfield><subfield code="2">rzs-LN</subfield></datafield><datafield ind1=" " ind2=" " tag="830"><subfield code="a">Matériaux pour la carte géologique de la Suisse</subfield><subfield code="p">Nouvelle série</subfield><subfield code="v">84</subfield><subfield code="w">(RERO)0025310-41slsp</subfield></datafield><datafield ind1=" " ind2=" " tag="830"><subfield code="a">Beiträge zur Geologischen Karte der Schweiz</subfield><subfield code="p">Neue Folge = Matériaux pour la Carte géologique de la Suisse. Nouvelle Série = Materiali per la carta geologica della Svizzera. Nuova serie</subfield><subfield code="v">84</subfield><subfield code="w">(IDSLU)000213047ILU01</subfield></datafield><datafield ind1=" " ind2=" " tag="830"><subfield code="a">Beiträge zur geologischen Karte der Schweiz</subfield><subfield code="p">Neue Folge</subfield><subfield code="v">84</subfield><subfield code="w">(NEBIS)000988913EBI01</subfield></datafield><datafield ind1=" " ind2=" " tag="900"><subfield code="a">REROnoselfmerge</subfield></datafield><datafield ind1=" " ind2=" " tag="900"><subfield code="a">IDSZRMedeaZBZ</subfield><subfield code="b">IDSZRSWK</subfield></datafield><datafield ind1=" " ind2=" " tag="911"><subfield code="a">Badoux, Héli</subfield><subfield code="c">Geologe</subfield><subfield code="d">1911-2001</subfield><subfield code="5">IDSLU/ger</subfield></datafield></record>
</metadata></record>