<record><header><identifier>oai:alma.41SLSP_UGE:991000003229705502</identifier><datestamp>2023-06-07T00:11:07Z</datestamp><setSpec>uge_bcen_RapidILL_BOOK</setSpec><setSpec>uge_aaca_RapidILL_BOOK</setSpec><setSpec>uge_abels_RapidILL_BOOK</setSpec><setSpec>uge_dbu_RapidILL_BOOK</setSpec><setSpec>uge_cmu_RapidILL_BOOK</setSpec><setSpec>uge_mail_RapidILL_BOOK</setSpec><setSpec>uge_abbat_RapidILL_BOOK</setSpec><setSpec>UNIGE_ALL</setSpec><setSpec>uge_acar_RapidILL_BOOK</setSpec><setSpec>uge_aobs_RapidILL_BOOK</setSpec></header><metadata>
<record xmlns="http://www.loc.gov/MARC21/slim" xmlns:xsi="http://www.w3.org/2001/XMLSchema-instance" xsi:schemaLocation="http://www.loc.gov/MARC21/slim http://www.loc.gov/standards/marcxml/schema/MARC21slim.xsd"><leader>02106nam a2200361 c 4500</leader><controlfield tag="001">991000003229705502</controlfield><controlfield tag="005">20230606172707.0</controlfield><controlfield tag="008">140304s2014    sz ||||| |||| 00| ||fre d</controlfield><datafield ind1=" " ind2=" " tag="020"><subfield code="a">9782880493110</subfield></datafield><datafield ind1=" " ind2=" " tag="035"><subfield code="a">(swissbib)119281104-41slsp_network</subfield></datafield><datafield ind1=" " ind2=" " tag="035"><subfield code="a">119281104</subfield><subfield code="9">ExL</subfield></datafield><datafield ind1=" " ind2=" " tag="035"><subfield code="a">(RERO)R007663907-41slsp</subfield></datafield><datafield ind1=" " ind2=" " tag="035"><subfield code="a">(EXLNZ-41SLSP_NETWORK)991036135999705501</subfield></datafield><datafield ind1=" " ind2=" " tag="040"><subfield code="a">RERO vshevs</subfield><subfield code="d">CH-ZuSLS</subfield></datafield><datafield ind1=" " ind2=" " tag="044"><subfield code="a">sz</subfield><subfield code="c">ch-ge</subfield></datafield><datafield ind1=" " ind2="7" tag="072"><subfield code="a">me</subfield><subfield code="2">rero</subfield></datafield><datafield ind1="1" ind2=" " tag="100"><subfield code="a">Durrer, Dominique</subfield><subfield code="0">(IDREF)126974195</subfield><subfield code="4">cre</subfield></datafield><datafield ind1="1" ind2="0" tag="245"><subfield code="a">Comment changer de comportements</subfield><subfield code="b">les clés pour une meilleure santé</subfield><subfield code="c">Dominique Durrer et Yves Schutz</subfield></datafield><datafield ind1=" " ind2="1" tag="264"><subfield code="a">Genève</subfield><subfield code="b">Médecine &amp; Hygiène</subfield><subfield code="c">2014</subfield></datafield><datafield ind1=" " ind2=" " tag="300"><subfield code="a">287 p.</subfield><subfield code="b">ill.</subfield><subfield code="c">24 cm + 1 CD-ROM</subfield></datafield><datafield ind1=" " ind2=" " tag="336"><subfield code="b">txt</subfield><subfield code="2">rdacontent</subfield></datafield><datafield ind1=" " ind2=" " tag="337"><subfield code="b">n</subfield><subfield code="2">rdamedia</subfield></datafield><datafield ind1=" " ind2=" " tag="338"><subfield code="b">nc</subfield><subfield code="2">rdacarrier</subfield></datafield><datafield ind1="0" ind2=" " tag="505"><subfield code="a">[Sommaire] Introduction pour le médecin. - Introduction pour le patient. - L'obésité. - Le diabète de type 2. - Les maladies cardiovasculaires. - Le syndrome métabolique. - La motivation au changement. - Comportements alimentaires et psychologie: la faim, la satiété, le grignotage, le stress, les émotions, l'estime de soi. - Nutrition: des repas équilibrés, les graisses visibles, les graisses cachées, les glucides, la densité énergétique, savoir lire les étiquettes, l'alcool, le sel, au restaurant. - Activités physiques: la sédentarité, activité physique au quotidien, activité physique de renforcement musculaire, activités physiques de loisirs et sportives, être actif en vacances et en voyage d'affaire. - Pour en savoir plus</subfield></datafield><datafield ind1=" " ind2="7" tag="650"><subfield code="a">Besoins alimentaires</subfield><subfield code="0">(IDREF)029454298</subfield><subfield code="2">idref</subfield></datafield><datafield ind1=" " ind2="7" tag="650"><subfield code="a">Alimentation</subfield><subfield code="0">(IDREF)027218805</subfield><subfield code="2">idref</subfield></datafield><datafield ind1=" " ind2="7" tag="650"><subfield code="a">Nutrition</subfield><subfield code="0">(IDREF)030857406</subfield><subfield code="2">idref</subfield></datafield><datafield ind1=" " ind2="7" tag="650"><subfield code="a">Exercices physiques</subfield><subfield code="0">(IDREF)027278689</subfield><subfield code="2">idref</subfield></datafield><datafield ind1=" " ind2="7" tag="650"><subfield code="a">Comportement alimentaire</subfield><subfield code="0">(IDREF)02765060X</subfield><subfield code="2">idref</subfield></datafield><datafield ind1=" " ind2="7" tag="650"><subfield code="a">Modification du comportement</subfield><subfield code="0">(IDREF)028181522</subfield><subfield code="2">idref</subfield></datafield><datafield ind1=" " ind2="7" tag="650"><subfield code="a">Maladies de la nutrition</subfield><subfield code="0">(IDREF)027551334</subfield><subfield code="2">idref</subfield></datafield><datafield ind1=" " ind2="7" tag="655"><subfield code="a">Guides pratiques</subfield><subfield code="0">(IDREF)027790045</subfield><subfield code="2">idref</subfield></datafield><datafield ind1=" " ind2="7" tag="655"><subfield code="a">Cédéroms</subfield><subfield code="0">(IDREF)029358612</subfield><subfield code="2">idref</subfield></datafield><datafield ind1="1" ind2=" " tag="700"><subfield code="a">Schutz, Yves</subfield><subfield code="0">(IDREF)126974098</subfield></datafield></record>
</metadata></record>