<record><header><identifier>oai:alma.41SLSP_UGE:991000051299705502</identifier><datestamp>2023-06-20T00:21:47Z</datestamp><setSpec>uge_bcen_RapidILL_BOOK</setSpec><setSpec>uge_aaca_RapidILL_BOOK</setSpec><setSpec>uge_abels_RapidILL_BOOK</setSpec><setSpec>uge_dbu_RapidILL_BOOK</setSpec><setSpec>uge_cmu_RapidILL_BOOK</setSpec><setSpec>uge_mail_RapidILL_BOOK</setSpec><setSpec>uge_abbat_RapidILL_BOOK</setSpec><setSpec>UNIGE_ALL</setSpec><setSpec>uge_aobs_RapidILL_BOOK</setSpec><setSpec>uge_acar_RapidILL_BOOK</setSpec></header><metadata>
<record xmlns="http://www.loc.gov/MARC21/slim" xmlns:xsi="http://www.w3.org/2001/XMLSchema-instance" xsi:schemaLocation="http://www.loc.gov/MARC21/slim http://www.loc.gov/standards/marcxml/schema/MARC21slim.xsd"><leader>02476nam a2200625 c 4500</leader><controlfield tag="001">991000051299705502</controlfield><controlfield tag="005">20230619193755.0</controlfield><controlfield tag="008">201011s2002    xxu||||| |||| 00| ||eng d</controlfield><datafield ind1=" " ind2=" " tag="010"><subfield code="a">2001056115</subfield></datafield><datafield ind1=" " ind2=" " tag="020"><subfield code="a">0333962753</subfield><subfield code="q">hardcover</subfield></datafield><datafield ind1=" " ind2=" " tag="020"><subfield code="a">0333962761</subfield><subfield code="q">pbk.</subfield></datafield><datafield ind1=" " ind2=" " tag="035"><subfield code="a">(swissbib)225754762-41slsp_network</subfield></datafield><datafield ind1=" " ind2=" " tag="035"><subfield code="a">225754762</subfield><subfield code="9">ExL</subfield></datafield><datafield ind1=" " ind2=" " tag="035"><subfield code="a">(RERO)R003217335-41slsp</subfield></datafield><datafield ind1=" " ind2=" " tag="035"><subfield code="a">(NEBIS)004260290EBI01</subfield></datafield><datafield ind1=" " ind2=" " tag="035"><subfield code="a">(EXLNZ-41SLSP_NETWORK)991139744419705501</subfield></datafield><datafield ind1=" " ind2=" " tag="040"><subfield code="a">RERO labcud</subfield><subfield code="d">CH-ZuSLS</subfield></datafield><datafield ind1=" " ind2=" " tag="050"><subfield code="a">PR468.N3</subfield><subfield code="b">R64 2002</subfield></datafield><datafield ind1=" " ind2="7" tag="072"><subfield code="a">an</subfield><subfield code="2">rero</subfield></datafield><datafield ind1="0" ind2="0" tag="082"><subfield code="a">821/.709358</subfield><subfield code="2">21</subfield></datafield><datafield ind1="0" ind2="4" tag="082"><subfield code="a">820.935809034</subfield><subfield code="2">21</subfield></datafield><datafield ind1="1" ind2=" " tag="100"><subfield code="a">Roe, Nicholas</subfield><subfield code="d">1955-....</subfield><subfield code="0">(IDREF)028842723</subfield><subfield code="4">cre</subfield></datafield><datafield ind1="1" ind2="0" tag="245"><subfield code="a">&lt;&lt;The&gt;&gt; politics of nature</subfield><subfield code="b">William Wordsworth and some contemporaries</subfield><subfield code="c">Nicholas Roe</subfield></datafield><datafield ind1=" " ind2="1" tag="264"><subfield code="a">New York</subfield><subfield code="b">Palgrave</subfield><subfield code="c">2002</subfield></datafield><datafield ind1=" " ind2=" " tag="300"><subfield code="a">XIII, 244 p.</subfield><subfield code="b">ill.</subfield><subfield code="c">23 cm</subfield></datafield><datafield ind1=" " ind2=" " tag="336"><subfield code="b">txt</subfield><subfield code="2">rdacontent</subfield></datafield><datafield ind1=" " ind2=" " tag="337"><subfield code="b">n</subfield><subfield code="2">rdamedia</subfield></datafield><datafield ind1=" " ind2=" " tag="338"><subfield code="b">nc</subfield><subfield code="2">rdacarrier</subfield></datafield><datafield ind1=" " ind2=" " tag="500"><subfield code="a">Revision of the 1992 ed.</subfield></datafield><datafield ind1="1" ind2="7" tag="600"><subfield code="a">Wordsworth, William</subfield><subfield code="d">1770-1850</subfield><subfield code="0">(IDREF)027369528</subfield><subfield code="2">idref</subfield></datafield><datafield ind1="1" ind2="7" tag="600"><subfield code="a">Wordsworth, William</subfield><subfield code="2">idszbz</subfield></datafield><datafield ind1="1" ind2="0" tag="600"><subfield code="a">Wordsworth, William</subfield><subfield code="d">1770-1850</subfield><subfield code="x">Contemporaries</subfield></datafield><datafield ind1="1" ind2="0" tag="600"><subfield code="a">Wordsworth, William</subfield><subfield code="d">1770-1850</subfield><subfield code="x">Political and social views</subfield></datafield><datafield ind1="1" ind2="7" tag="600"><subfield code="a">Wordsworth, William</subfield><subfield code="d">1770-1850</subfield><subfield code="0">(DE-588)118635212</subfield><subfield code="2">gnd</subfield></datafield><datafield ind1=" " ind2="7" tag="648"><subfield code="a">Geschichte 1750-1800</subfield><subfield code="2">idszbz</subfield></datafield><datafield ind1=" " ind2="7" tag="648"><subfield code="a">Geschichte 1793-1825</subfield><subfield code="2">idszbz</subfield></datafield><datafield ind1=" " ind2="7" tag="648"><subfield code="a">Geschichte 1800-1850</subfield><subfield code="2">idszbz</subfield></datafield><datafield ind1=" " ind2="7" tag="648"><subfield code="a">Geschichte 1793-1825</subfield><subfield code="2">gnd</subfield></datafield><datafield ind1=" " ind2="7" tag="650"><subfield code="a">Littérature anglaise</subfield><subfield code="0">(IDREF)027236722</subfield><subfield code="2">idref</subfield></datafield><datafield ind1=" " ind2="7" tag="650"><subfield code="a">Nature</subfield><subfield code="0">(IDREF)027257002</subfield><subfield code="2">idref</subfield></datafield><datafield ind1=" " ind2="7" tag="650"><subfield code="a">19e siècle</subfield><subfield code="0">(IDREF)027794059</subfield><subfield code="2">idref</subfield></datafield><datafield ind1=" " ind2="0" tag="650"><subfield code="a">English literature</subfield><subfield code="x">History and criticism</subfield><subfield code="y">19th century</subfield></datafield><datafield ind1=" " ind2="0" tag="650"><subfield code="a">Nature</subfield><subfield code="x">Political aspects</subfield><subfield code="z">Great Britain</subfield><subfield code="x">History</subfield><subfield code="y">19th century</subfield></datafield><datafield ind1=" " ind2="0" tag="650"><subfield code="a">Politics and literature</subfield><subfield code="x">History</subfield><subfield code="z">Great Britain</subfield><subfield code="y">19th century</subfield></datafield><datafield ind1=" " ind2="0" tag="650"><subfield code="a">Romanticism</subfield><subfield code="z">Great Britain</subfield></datafield><datafield ind1=" " ind2="0" tag="650"><subfield code="a">Nature in literature</subfield></datafield><datafield ind1=" " ind2="7" tag="650"><subfield code="a">Politisches Denken</subfield><subfield code="2">idszbz</subfield></datafield><datafield ind1=" " ind2="7" tag="650"><subfield code="a">Englisch</subfield><subfield code="0">(DE-588)4014777-0</subfield><subfield code="2">gnd</subfield></datafield><datafield ind1=" " ind2="7" tag="650"><subfield code="a">Literatur</subfield><subfield code="0">(DE-588)4035964-5</subfield><subfield code="2">gnd</subfield></datafield><datafield ind1=" " ind2="7" tag="650"><subfield code="a">Politische Theorie</subfield><subfield code="0">(DE-588)4046563-9</subfield><subfield code="2">gnd</subfield></datafield><datafield ind1=" " ind2="7" tag="650"><subfield code="a">Politisches Denken</subfield><subfield code="0">(DE-588)4115590-7</subfield><subfield code="2">gnd</subfield></datafield><datafield ind1=" " ind2="7" tag="650"><subfield code="a">Romantik</subfield><subfield code="0">(DE-588)4050491-8</subfield><subfield code="2">gnd</subfield></datafield><datafield ind1=" " ind2="0" tag="650"><subfield code="a">English literature</subfield><subfield code="y">18th century</subfield><subfield code="x">History and criticism</subfield></datafield><datafield ind1=" " ind2="0" tag="650"><subfield code="a">Politics and literature</subfield><subfield code="z">England</subfield><subfield code="x">History</subfield><subfield code="y">19th century</subfield></datafield><datafield ind1=" " ind2="0" tag="650"><subfield code="a">Romanticism</subfield></datafield><datafield ind1=" " ind2=" " tag="900"><subfield code="a">IDSZ2zbzmon200208f</subfield><subfield code="c">IDSZ2staub</subfield><subfield code="d">IDSZ2zbzswk200211b</subfield><subfield code="e">IDSZ2stor</subfield></datafield></record>
</metadata></record>