<record><header><identifier>oai:alma.41SLSP_UGE:991000019849705502</identifier><datestamp>2023-04-09T00:26:37Z</datestamp><setSpec>uge_bcen_RapidILL_BOOK</setSpec><setSpec>uge_aaca_RapidILL_BOOK</setSpec><setSpec>uge_abels_RapidILL_BOOK</setSpec><setSpec>uge_dbu_RapidILL_BOOK</setSpec><setSpec>uge_cmu_RapidILL_BOOK</setSpec><setSpec>uge_mail_RapidILL_BOOK</setSpec><setSpec>UNIGE_ALL</setSpec><setSpec>uge_abbat_RapidILL_BOOK</setSpec><setSpec>uge_aobs_RapidILL_BOOK</setSpec><setSpec>uge_acar_RapidILL_BOOK</setSpec></header><metadata>
<record xmlns="http://www.loc.gov/MARC21/slim" xmlns:xsi="http://www.w3.org/2001/XMLSchema-instance" xsi:schemaLocation="http://www.loc.gov/MARC21/slim http://www.loc.gov/standards/marcxml/schema/MARC21slim.xsd"><leader>02530nam a2200529 c 4500</leader><controlfield tag="001">991000019849705502</controlfield><controlfield tag="005">20230407192713.0</controlfield><controlfield tag="008">201012s2014    sz ||||| |||| 10| ||eng d</controlfield><datafield ind1=" " ind2=" " tag="020"><subfield code="a">9783319085869</subfield></datafield><datafield ind1=" " ind2=" " tag="020"><subfield code="a">9783319085876</subfield><subfield code="q">ebook</subfield></datafield><datafield ind1=" " ind2=" " tag="035"><subfield code="a">(swissbib)238222888-41slsp_network</subfield></datafield><datafield ind1=" " ind2=" " tag="035"><subfield code="a">238222888</subfield><subfield code="9">ExL</subfield></datafield><datafield ind1=" " ind2=" " tag="035"><subfield code="a">(RERO)R008082402-41slsp</subfield></datafield><datafield ind1=" " ind2=" " tag="035"><subfield code="a">(NEBIS)010266539EBI01</subfield></datafield><datafield ind1=" " ind2=" " tag="035"><subfield code="a">(EXLNZ-41SLSP_NETWORK)991082650009705501</subfield></datafield><datafield ind1=" " ind2=" " tag="040"><subfield code="a">RERO geucui</subfield><subfield code="d">CH-ZuSLS</subfield></datafield><datafield ind1=" " ind2=" " tag="044"><subfield code="a">sz</subfield><subfield code="c">ch-zg</subfield></datafield><datafield ind1=" " ind2=" " tag="050"><subfield code="a">QA8.9-QA10.3</subfield></datafield><datafield ind1=" " ind2="7" tag="072"><subfield code="a">in</subfield><subfield code="2">rero</subfield></datafield><datafield ind1="0" ind2="4" tag="082"><subfield code="a">005.131</subfield><subfield code="2">23</subfield></datafield><datafield ind1="0" ind2="0" tag="245"><subfield code="a">Automated reasoning</subfield><subfield code="b">7th international joint conference, IJCAR 2014, held as part of the Vienna Summer of Logic, VSL 2014, Vienna, Austria, July 19-22, 2014 : proceedings</subfield><subfield code="c">Stéphane Demri ... [et al.], (eds.)</subfield></datafield><datafield ind1="1" ind2=" " tag="246"><subfield code="a">IJCAR 2014</subfield></datafield><datafield ind1="1" ind2=" " tag="246"><subfield code="a">VSL 2014</subfield></datafield><datafield ind1=" " ind2="1" tag="264"><subfield code="a">Cham</subfield><subfield code="b">Springer</subfield><subfield code="c">2014</subfield></datafield><datafield ind1=" " ind2=" " tag="300"><subfield code="a">528 p.</subfield><subfield code="b">ill.</subfield></datafield><datafield ind1=" " ind2=" " tag="336"><subfield code="b">txt</subfield><subfield code="2">rdacontent</subfield></datafield><datafield ind1=" " ind2=" " tag="337"><subfield code="b">n</subfield><subfield code="2">rdamedia</subfield></datafield><datafield ind1=" " ind2=" " tag="338"><subfield code="b">nc</subfield><subfield code="2">rdacarrier</subfield></datafield><datafield ind1="1" ind2=" " tag="490"><subfield code="a">Lecture notes in artificial intelligence. Subseries of Lecture notes in computer science</subfield><subfield code="v">8562</subfield></datafield><datafield ind1=" " ind2=" " tag="500"><subfield code="a">Variantes du titre: IJCAR 2014, VSL 2014</subfield></datafield><datafield ind1=" " ind2=" " tag="504"><subfield code="a">Bibliographical references and index</subfield></datafield><datafield ind1=" " ind2="7" tag="650"><subfield code="a">Intelligence artificielle</subfield><subfield code="0">(IDREF)027234541</subfield><subfield code="2">idref</subfield></datafield><datafield ind1=" " ind2="7" tag="650"><subfield code="a">Raisonnement</subfield><subfield code="0">(IDREF)027242196</subfield><subfield code="2">idref</subfield></datafield><datafield ind1=" " ind2="7" tag="650"><subfield code="a">Théorèmes</subfield><subfield code="x">Démonstration automatique</subfield><subfield code="0">(IDREF)027819213</subfield><subfield code="2">idref</subfield></datafield><datafield ind1=" " ind2="7" tag="650"><subfield code="a">DEDUKTION + BEWEISEN VON THEOREMEN (KÜNSTLICHE INTELLIGENZ)</subfield><subfield code="9">ger</subfield><subfield code="0">(ETHUDK)000061417</subfield><subfield code="2">ethudk</subfield></datafield><datafield ind1=" " ind2="7" tag="650"><subfield code="a">PROBLEMLÖSEN + PLANEN + SUCHEN (KÜNSTLICHE INTELLIGENZ)</subfield><subfield code="9">ger</subfield><subfield code="0">(ETHUDK)000041502</subfield><subfield code="2">ethudk</subfield></datafield><datafield ind1=" " ind2="7" tag="655"><subfield code="a">Actes de congrès</subfield><subfield code="0">(IDREF)02886431X</subfield><subfield code="2">idref</subfield></datafield><datafield ind1=" " ind2="7" tag="655"><subfield code="a">Konferenzschrift</subfield><subfield code="z">Wien</subfield><subfield code="y">2014</subfield><subfield code="2">gnd-content</subfield></datafield><datafield ind1="1" ind2=" " tag="700"><subfield code="a">Demri, Stéphane</subfield><subfield code="d">1967-</subfield><subfield code="0">(DE-588)1089670281</subfield><subfield code="6">880-02</subfield></datafield><datafield ind1="1" ind2=" " tag="880"><subfield code="a">Demri, Stéphane</subfield><subfield code="0">(RERO)A025109118</subfield><subfield code="6">700-02</subfield></datafield><datafield ind1="2" ind2=" " tag="711"><subfield code="a">International Joint Conference on Automated Reasoning</subfield><subfield code="0">(DE-588)1092331964</subfield></datafield><datafield ind1="2" ind2=" " tag="711"><subfield code="a">International Joint Conference on Automated Reasoning</subfield><subfield code="n">7</subfield><subfield code="d">2014</subfield><subfield code="c">Wien</subfield><subfield code="0">(RERO)A025109728</subfield></datafield><datafield ind1="2" ind2=" " tag="711"><subfield code="a">Vienna Summer of Logic</subfield><subfield code="d">2014</subfield><subfield code="c">Wien</subfield><subfield code="0">(RERO)A025032326</subfield></datafield><datafield ind1="4" ind2=" " tag="856"><subfield code="3">Titelblatt und Inhaltsverzeichnis</subfield><subfield code="u">https://toc.library.ethz.ch/objects/pdf03/e01_978-3-319-08586-9_01.pdf</subfield><subfield code="q">pdf</subfield></datafield><datafield ind1=" " ind2=" " tag="830"><subfield code="a">Lecture notes in computer science</subfield><subfield code="n">7000 (2011) -</subfield><subfield code="v">8562</subfield><subfield code="w">(NEBIS)007342601EBI01</subfield></datafield><datafield ind1=" " ind2=" " tag="830"><subfield code="a">Lecture notes in computer science</subfield><subfield code="v">8562</subfield><subfield code="w">(RERO)0078255-41slsp</subfield></datafield><datafield ind1=" " ind2=" " tag="900"><subfield code="a">REROnoselfmerge</subfield></datafield><datafield ind1=" " ind2=" " tag="949"><subfield code="a">https://toc.library.ethz.ch/objects/pdf03/e01_978-3-319-08586-9_01.pdf</subfield></datafield></record>
</metadata></record>