<record><header><identifier>oai:alma.41SLSP_UGE:991000003749705502</identifier><datestamp>2023-12-16T01:41:52Z</datestamp><setSpec>uge_bcen_RapidILL_BOOK</setSpec><setSpec>uge_aaca_RapidILL_BOOK</setSpec><setSpec>uge_abels_RapidILL_BOOK</setSpec><setSpec>uge_dbu_RapidILL_BOOK</setSpec><setSpec>uge_cmu_RapidILL_BOOK</setSpec><setSpec>uge_mail_RapidILL_BOOK</setSpec><setSpec>uge_abbat_RapidILL_BOOK</setSpec><setSpec>UNIGE_ALL</setSpec><setSpec>uge_acar_RapidILL_BOOK</setSpec><setSpec>uge_aobs_RapidILL_BOOK</setSpec></header><metadata>
<record xmlns="http://www.loc.gov/MARC21/slim" xmlns:xsi="http://www.w3.org/2001/XMLSchema-instance" xsi:schemaLocation="http://www.loc.gov/MARC21/slim http://www.loc.gov/standards/marcxml/schema/MARC21slim.xsd"><leader>02255nam a2200529uc 4500</leader><controlfield tag="001">991000003749705502</controlfield><controlfield tag="005">20230414190617.0</controlfield><controlfield tag="008">201011s1988    sz ||||| |||| 10| ||eng d</controlfield><datafield ind1=" " ind2=" " tag="010"><subfield code="a">88022307</subfield></datafield><datafield ind1=" " ind2=" " tag="020"><subfield code="a">376432242X</subfield><subfield code="q">Basel</subfield></datafield><datafield ind1=" " ind2=" " tag="020"><subfield code="a">081762242X</subfield><subfield code="q">Boston</subfield></datafield><datafield ind1=" " ind2=" " tag="035"><subfield code="a">(swissbib)224452533-41slsp_network</subfield></datafield><datafield ind1=" " ind2=" " tag="035"><subfield code="a">224452533</subfield><subfield code="9">ExL</subfield></datafield><datafield ind1=" " ind2=" " tag="035"><subfield code="a">(IDSBB)000454347DSV01</subfield></datafield><datafield ind1=" " ind2=" " tag="035"><subfield code="a">(NEBIS)000480518EBI01</subfield></datafield><datafield ind1=" " ind2=" " tag="035"><subfield code="a">(RERO)1019237-41slsp</subfield></datafield><datafield ind1=" " ind2=" " tag="035"><subfield code="a">(EXLNZ-41SLSP_NETWORK)991100631939705501</subfield></datafield><datafield ind1=" " ind2=" " tag="040"><subfield code="a">SzZuIDS BS/BE A100</subfield><subfield code="b">ger</subfield><subfield code="e">kids</subfield><subfield code="d">CH-ZuSLS</subfield></datafield><datafield ind1=" " ind2=" " tag="044"><subfield code="a">sz</subfield><subfield code="a">xxu</subfield></datafield><datafield ind1=" " ind2="7" tag="072"><subfield code="a">mt</subfield><subfield code="2">SzZuIDS BS/BE</subfield></datafield><datafield ind1=" " ind2="7" tag="072"><subfield code="a">ma</subfield><subfield code="2">rero</subfield></datafield><datafield ind1="1" ind2="4" tag="082"><subfield code="a">510</subfield><subfield code="2">15</subfield></datafield><datafield ind1=" " ind2=" " tag="084"><subfield code="a">SD 1988</subfield><subfield code="2">rvk</subfield></datafield><datafield ind1=" " ind2=" " tag="084"><subfield code="a">42</subfield><subfield code="2">msc</subfield></datafield><datafield ind1="0" ind2="0" tag="245"><subfield code="a">Orthogonal matrix-valued polynomials and applications</subfield><subfield code="b">Seminar on Operator Theory at the School of Mathematical Sciences, Tel Aviv University [1987-1988]</subfield><subfield code="c">ed. by I. Gohberg</subfield></datafield><datafield ind1=" " ind2="1" tag="264"><subfield code="a">Basel [etc.]</subfield><subfield code="b">Birkhäuser</subfield><subfield code="c">1988</subfield></datafield><datafield ind1=" " ind2=" " tag="300"><subfield code="a">IX, 214 S.</subfield><subfield code="c">24 cm</subfield></datafield><datafield ind1=" " ind2=" " tag="336"><subfield code="b">txt</subfield><subfield code="2">rdacontent</subfield></datafield><datafield ind1=" " ind2=" " tag="337"><subfield code="b">n</subfield><subfield code="2">rdamedia</subfield></datafield><datafield ind1=" " ind2=" " tag="338"><subfield code="b">nc</subfield><subfield code="2">rdacarrier</subfield></datafield><datafield ind1="1" ind2=" " tag="490"><subfield code="a">Operator theory</subfield><subfield code="v">vol. 34</subfield></datafield><datafield ind1=" " ind2=" " tag="500"><subfield code="a">Anlassdatum: spring semester 1987 and 1988</subfield></datafield><datafield ind1=" " ind2="7" tag="650"><subfield code="a">Polynom</subfield><subfield code="x">Matrix (Math.)</subfield><subfield code="2">idsbb</subfield></datafield><datafield ind1=" " ind2="7" tag="650"><subfield code="a">Matrix (Math.)</subfield><subfield code="x">Polynom</subfield><subfield code="2">idsbb</subfield></datafield><datafield ind1=" " ind2="7" tag="650"><subfield code="a">SPEZIELLE ORTHOGONALE POLYNOME (ANALYSIS)</subfield><subfield code="9">ger</subfield><subfield code="0">(ETHUDK)000013314</subfield><subfield code="2">ethudk</subfield></datafield><datafield ind1=" " ind2="7" tag="650"><subfield code="a">SPEZIELLE TYPEN VON MATRIZEN (ALGEBRA)</subfield><subfield code="9">ger</subfield><subfield code="0">(ETHUDK)000012775</subfield><subfield code="2">ethudk</subfield></datafield><datafield ind1=" " ind2="7" tag="650"><subfield code="a">TOEPLITZ-OPERATOREN (FUNKTIONALANALYSIS)</subfield><subfield code="9">ger</subfield><subfield code="0">(ETHUDK)000013457</subfield><subfield code="2">ethudk</subfield></datafield><datafield ind1=" " ind2="7" tag="650"><subfield code="a">VEKTORFUNKTIONEN + OPERATORFUNKTIONEN (FUNKTIONALANALYSIS)</subfield><subfield code="9">ger</subfield><subfield code="0">(ETHUDK)000013463</subfield><subfield code="2">ethudk</subfield></datafield><datafield ind1=" " ind2="7" tag="655"><subfield code="a">Konferenzschrift</subfield><subfield code="z">Tel Aviv</subfield><subfield code="y">1987-1988</subfield><subfield code="2">gnd-content</subfield></datafield><datafield ind1=" " ind2="7" tag="655"><subfield code="a">Konferenzschrift</subfield><subfield code="z">Tel Aviv</subfield><subfield code="y">1987</subfield><subfield code="b">1988</subfield><subfield code="2">gnd-content</subfield></datafield><datafield ind1="1" ind2=" " tag="700"><subfield code="a">Gohberg, Izrailʹ Cadikovič</subfield><subfield code="d">1928-2009</subfield><subfield code="0">(IDREF)031855164</subfield></datafield><datafield ind1="1" ind2=" " tag="700"><subfield code="a">Gohberg, Yiśrāʿēl Z.</subfield><subfield code="d">1928-2009</subfield><subfield code="0">(DE-588)118915878</subfield></datafield><datafield ind1="2" ind2=" " tag="711"><subfield code="a">Seminar on Operator Theory (1987-1988 ; Tel Aviv)</subfield><subfield code="0">(DE-588)1091926123</subfield></datafield><datafield ind1="2" ind2=" " tag="711"><subfield code="a">Seminar on Operator Theory</subfield><subfield code="0">(DE-588)1091797471</subfield></datafield><datafield ind1="4" ind2=" " tag="856"><subfield code="3">Inhaltsverzeichnis</subfield><subfield code="u">http://www.ub.unibas.ch/tox/HBZ/HT003170299/PDF</subfield><subfield code="q">pdf</subfield></datafield><datafield ind1=" " ind2="0" tag="830"><subfield code="a">Operator theory</subfield><subfield code="v">34</subfield><subfield code="w">(IDSBB)000104934DSV01</subfield></datafield><datafield ind1=" " ind2=" " tag="900"><subfield code="f">IDSU2medea</subfield></datafield><datafield ind1=" " ind2=" " tag="949"><subfield code="a">http://www.ub.unibas.ch/tox/HBZ/HT003170299/PDF</subfield></datafield></record>
</metadata></record>