<record><header><identifier>oai:alma.41SLSP_UGE:991000020579705502</identifier><datestamp>2024-09-14T00:09:03Z</datestamp><setSpec>UNIGE_ALL</setSpec></header><metadata>
<record xmlns="http://www.loc.gov/MARC21/slim" xmlns:xsi="http://www.w3.org/2001/XMLSchema-instance" xsi:schemaLocation="http://www.loc.gov/MARC21/slim http://www.loc.gov/standards/marcxml/schema/MARC21slim.xsd"><leader>03751ngm a2200301 c 4500</leader><controlfield tag="001">991000020579705502</controlfield><controlfield tag="005">20240913115802.0</controlfield><controlfield tag="007">vd#|v||||</controlfield><controlfield tag="008">110315s2011    sz ||| |          v|fre d</controlfield><datafield ind1=" " ind2=" " tag="035"><subfield code="a">(swissbib)113164831-41slsp_network</subfield></datafield><datafield ind1=" " ind2=" " tag="035"><subfield code="a">113164831</subfield><subfield code="9">ExL</subfield></datafield><datafield ind1=" " ind2=" " tag="035"><subfield code="a">(RERO)R005959442-41slsp</subfield></datafield><datafield ind1=" " ind2=" " tag="035"><subfield code="a">(EXLNZ-41SLSP_NETWORK)991027497749705501</subfield></datafield><datafield ind1=" " ind2=" " tag="040"><subfield code="a">RERO vsheso</subfield><subfield code="d">CH-ZuSLS</subfield></datafield><datafield ind1=" " ind2=" " tag="044"><subfield code="a">sz</subfield><subfield code="c">ch-ge</subfield></datafield><datafield ind1=" " ind2="7" tag="072"><subfield code="a">dr</subfield><subfield code="2">rero</subfield></datafield><datafield ind1=" " ind2="7" tag="072"><subfield code="a">so</subfield><subfield code="2">rero</subfield></datafield><datafield ind1="0" ind2="0" tag="245"><subfield code="a">&lt;&lt;Les&gt;&gt; barreaux de la honte</subfield><subfield code="c">un reportage de Raphaël Engel et Antoine Plantevin</subfield></datafield><datafield ind1=" " ind2="1" tag="264"><subfield code="a">[Genève]</subfield><subfield code="b">RTS - Temps Présent TSR [prod.]</subfield><subfield code="c">2011</subfield></datafield><datafield ind1=" " ind2=" " tag="300"><subfield code="a">1 DVD-R (55 min)</subfield></datafield><datafield ind1=" " ind2=" " tag="336"><subfield code="b">tdi</subfield><subfield code="2">rdacontent</subfield></datafield><datafield ind1=" " ind2=" " tag="337"><subfield code="b">v</subfield><subfield code="2">rdamedia</subfield></datafield><datafield ind1=" " ind2=" " tag="338"><subfield code="b">vd</subfield><subfield code="2">rdacarrier</subfield></datafield><datafield ind1="0" ind2=" " tag="490"><subfield code="a">Temps Présent</subfield></datafield><datafield ind1=" " ind2=" " tag="500"><subfield code="a">Diffusé sur TSR 1, le 10 mars 2011</subfield></datafield><datafield ind1="8" ind2=" " tag="520"><subfield code="a">On découvre à peine l'ampleur du scandale et le Conseil Fédéral a même dû s'excuser officiellement. Combien sont-ils, ces citoyens innocents qui jusqu'en 1981 se sont retrouvés derrière les barreaux à cause d'un préfet ou d'un tuteur mécontent ? Souvent issus de milieux défavorisés, ils ont été emprisonnés simplement parce qu'ils dérangeaient la Suisse bien-pensante. On appelait ça l'internement administratif. Trois témoins directs, qui ont passé par cette case prison, racontent leur incroyable aventure. Le reportage de Temps Présent commence avec l'histoire de Gina Rubeli, née en 1952. A 17 ans, elle fait une tentative de suicide et est transférée à la clinique psychiatrique de Wil. Le médecin-chef lui annonce alors qu'elle sera internée à la prison pour femmes de Hindelbank, près de Berne, pour une durée indéterminée. Le maire de sa commune d'origine a décidé de la faire enfermer. Selon lui, Gina est &quot;paresseuse&quot; et mène &quot;une vie dissolue&quot;. Nous sommes en 1969. Le crime de Gina: avoir heurté de front les normes sociales de son petit village saint-gallois. Autre histoire, celle de Philippe Frioud. Lorsque la police bernoise le cueille à sa sortie du travail, il ne comprend pas ce qui lui arrive. Il a tout juste 17 ans. &quot;Nous répondons à des ordres du canton du Valais&quot;, lancent les policiers. Le jeune homme est alors placé à la Montagne de Diesse pour une durée de deux ans, dans des conditions très dures. Cinquante ans plus tard, il part sur les traces de son passé pour essayer de comprendre. Dans le livre des entrées de l'institution, il est écrit: &quot;Motif de l'internement: administratif, abandon moral...&quot; Quant à Ursula Biondi, elle se souviendra toute sa vie du 21 avril 1967. Ce jour là, elle subit une fouille corporelle complète à la prison de Hindelbank, avant de recevoir ses habits de détenue administrative. Elle est alors enceinte de 5 mois... Son seul crime est d'avoir fugué avec un homme divorcé dont elle est follement amoureuse. Un amour impossible pour l'époque. La Suisse a longtemps utilisé l'internement administratif comme un instrument de contrôle social. Tant qu'il était en vigueur, elle n'a pas pu rejoindre les pays membres à part entière de la Convention européenne des droits de l'homme. Récemment, la Conseillère fédérale Eveline Widmer-Schlumpf a exprimé ses excuses et ses regrets lors d'une cérémonie officielle à Hindelbank. Mais les victimes d'hier demandent aujourd'hui que la Suisse se donne les moyens pour réaliser des études historiques conséquentes. Seule manière de comprendre les mécanismes administratifs et juridiques à l'œuvre dans la privation de liberté à but d'assistance, dont des personnes de tous âges ont été victimes.</subfield><subfield code="5">RERO/vsheso/03.2011</subfield></datafield><datafield ind1=" " ind2="7" tag="655"><subfield code="a">DVD</subfield><subfield code="0">(IDREF)035108444</subfield><subfield code="2">idref</subfield></datafield><datafield ind1="1" ind2=" " tag="700"><subfield code="a">Plantevin, Antoine</subfield><subfield code="d">1963-….</subfield><subfield code="0">(IDREF)243979967</subfield></datafield><datafield ind1="1" ind2=" " tag="700"><subfield code="a">Engel, Raphaël</subfield><subfield code="0">(RERO)A003217326</subfield></datafield></record>
</metadata></record>