<record><header><identifier>oai:alma.41SLSP_UGE:991000003539705502</identifier><datestamp>2023-03-01T01:08:52Z</datestamp><setSpec>uge_bcen_RapidILL_BOOK</setSpec><setSpec>uge_aaca_RapidILL_BOOK</setSpec><setSpec>uge_abels_RapidILL_BOOK</setSpec><setSpec>uge_dbu_RapidILL_BOOK</setSpec><setSpec>uge_cmu_RapidILL_BOOK</setSpec><setSpec>uge_mail_RapidILL_BOOK</setSpec><setSpec>UNIGE_ALL</setSpec><setSpec>uge_abbat_RapidILL_BOOK</setSpec><setSpec>uge_acar_RapidILL_BOOK</setSpec><setSpec>uge_aobs_RapidILL_BOOK</setSpec></header><metadata>
<record xmlns="http://www.loc.gov/MARC21/slim" xmlns:xsi="http://www.w3.org/2001/XMLSchema-instance" xsi:schemaLocation="http://www.loc.gov/MARC21/slim http://www.loc.gov/standards/marcxml/schema/MARC21slim.xsd"><leader>01473nam a2200385 c 4500</leader><controlfield tag="001">991000003539705502</controlfield><controlfield tag="005">20201229231432.0</controlfield><controlfield tag="008">201011s1967    sp ||||| |||| 00| ||spa d</controlfield><datafield ind1=" " ind2=" " tag="019"><subfield code="a">RekatMedea: UROSE Verknüpfung zur Serie fehlt</subfield><subfield code="5">NEBIS/24.05.2005 Medea</subfield></datafield><datafield ind1=" " ind2=" " tag="035"><subfield code="a">(swissbib)211281980-41slsp_network</subfield></datafield><datafield ind1=" " ind2=" " tag="035"><subfield code="a">211281980</subfield><subfield code="9">ExL</subfield></datafield><datafield ind1=" " ind2=" " tag="035"><subfield code="a">(RERO)0028279-41slsp</subfield></datafield><datafield ind1=" " ind2=" " tag="035"><subfield code="a">(NEBIS)008869923EBI01</subfield></datafield><datafield ind1=" " ind2=" " tag="035"><subfield code="a">(IDSBB)000734342DSV01</subfield></datafield><datafield ind1=" " ind2=" " tag="035"><subfield code="a">(EXLNZ-41SLSP_NETWORK)991096277279705501</subfield></datafield><datafield ind1=" " ind2=" " tag="040"><subfield code="a">RERO</subfield><subfield code="d">CH-ZuSLS</subfield></datafield><datafield ind1=" " ind2=" " tag="044"><subfield code="a">sp</subfield></datafield><datafield ind1=" " ind2="7" tag="072"><subfield code="a">es</subfield><subfield code="2">rero</subfield></datafield><datafield ind1=" " ind2="7" tag="072"><subfield code="a">ir</subfield><subfield code="2">SzZuIDS BS/BE</subfield></datafield><datafield ind1="1" ind2=" " tag="100"><subfield code="a">Cadalso, José</subfield><subfield code="d">1741-1782</subfield><subfield code="0">(DE-588)118666452</subfield><subfield code="6">880-01</subfield></datafield><datafield ind1="1" ind2=" " tag="880"><subfield code="a">Cadalso, José</subfield><subfield code="0">(RERO)A003067933</subfield><subfield code="4">cre</subfield><subfield code="6">100-01</subfield></datafield><datafield ind1="1" ind2="0" tag="245"><subfield code="a">&lt;&lt;Los&gt;&gt; eruditos a la violeta</subfield><subfield code="c">José Cadalso ; introd., selección y notas de Nigel Glendinning</subfield></datafield><datafield ind1=" " ind2="1" tag="264"><subfield code="a">Salamanca</subfield><subfield code="a">Madrid [etc.]</subfield><subfield code="b">Anaya</subfield><subfield code="c">1967</subfield></datafield><datafield ind1=" " ind2=" " tag="300"><subfield code="a">167 p.</subfield><subfield code="b">front.</subfield><subfield code="c">17 cm</subfield></datafield><datafield ind1=" " ind2=" " tag="336"><subfield code="b">txt</subfield><subfield code="2">rdacontent</subfield></datafield><datafield ind1=" " ind2=" " tag="337"><subfield code="b">n</subfield><subfield code="2">rdamedia</subfield></datafield><datafield ind1=" " ind2=" " tag="338"><subfield code="b">nc</subfield><subfield code="2">rdacarrier</subfield></datafield><datafield ind1="1" ind2=" " tag="490"><subfield code="a">Biblioteca Anaya</subfield><subfield code="v">76. Autores españoles</subfield></datafield><datafield ind1=" " ind2=" " tag="690"><subfield code="a">Cadalso y Vázquez, José</subfield><subfield code="2">uzb-VH</subfield></datafield><datafield ind1=" " ind2=" " tag="690"><subfield code="a">Cadalso y Vázquez, José : 'Los eruditos a la violeta'</subfield><subfield code="2">uzb-VH</subfield></datafield><datafield ind1=" " ind2=" " tag="690"><subfield code="a">Cadalso y Vázquez, José : Spanische Satire : 18. Jahrhundert</subfield><subfield code="2">uzb-VH</subfield></datafield><datafield ind1="1" ind2=" " tag="700"><subfield code="a">Glendinning, Nigel</subfield></datafield><datafield ind1="1" ind2=" " tag="700"><subfield code="a">Glendinning, Nigel</subfield><subfield code="d">1929-2013</subfield><subfield code="0">(IDREF)029511836</subfield></datafield><datafield ind1=" " ind2=" " tag="830"><subfield code="a">Biblioteca Anaya</subfield><subfield code="v">76</subfield><subfield code="w">(RERO)0027635-41slsp</subfield></datafield><datafield ind1=" " ind2=" " tag="900"><subfield code="a">REROnoselfmerge</subfield></datafield><datafield ind1=" " ind2=" " tag="900"><subfield code="a">IDSU2remark</subfield><subfield code="f">IDSU2medea</subfield></datafield><datafield ind1=" " ind2=" " tag="993"><subfield code="a">BFLA 211622</subfield><subfield code="x">ge/ules/a/FLs 3788</subfield><subfield code="9">LOCAL</subfield></datafield></record>
</metadata></record>