<record><header><identifier>oai:alma.41SLSP_UGE:991000004059705502</identifier><datestamp>2023-04-15T00:11:26Z</datestamp><setSpec>uge_bcen_RapidILL_BOOK</setSpec><setSpec>uge_aaca_RapidILL_BOOK</setSpec><setSpec>uge_abels_RapidILL_BOOK</setSpec><setSpec>uge_dbu_RapidILL_BOOK</setSpec><setSpec>uge_cmu_RapidILL_BOOK</setSpec><setSpec>uge_mail_RapidILL_BOOK</setSpec><setSpec>uge_abbat_RapidILL_BOOK</setSpec><setSpec>UNIGE_ALL</setSpec><setSpec>uge_aobs_RapidILL_BOOK</setSpec><setSpec>uge_acar_RapidILL_BOOK</setSpec></header><metadata>
<record xmlns="http://www.loc.gov/MARC21/slim" xmlns:xsi="http://www.w3.org/2001/XMLSchema-instance" xsi:schemaLocation="http://www.loc.gov/MARC21/slim http://www.loc.gov/standards/marcxml/schema/MARC21slim.xsd"><leader>02226nam a2200445 c 4500</leader><controlfield tag="001">991000004059705502</controlfield><controlfield tag="005">20230414191122.0</controlfield><controlfield tag="008">201011s2010    xxk||||| |||| 10| ||eng d</controlfield><datafield ind1=" " ind2=" " tag="020"><subfield code="a">9781862392984</subfield><subfield code="q">2 vols., hbk.</subfield></datafield><datafield ind1=" " ind2=" " tag="020"><subfield code="a">1862392986</subfield></datafield><datafield ind1="7" ind2=" " tag="024"><subfield code="a">http://catalogue.bnf.fr/ark:/12148/cb42368771w</subfield><subfield code="2">uri</subfield></datafield><datafield ind1=" " ind2=" " tag="035"><subfield code="a">(swissbib)225167808-41slsp_network</subfield></datafield><datafield ind1=" " ind2=" " tag="035"><subfield code="a">225167808</subfield><subfield code="9">ExL</subfield></datafield><datafield ind1=" " ind2=" " tag="035"><subfield code="a">(RERO)R006344163-41slsp</subfield></datafield><datafield ind1=" " ind2=" " tag="035"><subfield code="a">(NEBIS)006220748EBI01</subfield></datafield><datafield ind1=" " ind2=" " tag="035"><subfield code="a">(OCoLC)676726317</subfield></datafield><datafield ind1=" " ind2=" " tag="035"><subfield code="a">(EXLNZ-41SLSP_NETWORK)991103388809705501</subfield></datafield><datafield ind1=" " ind2=" " tag="040"><subfield code="a">RERO geusst</subfield><subfield code="d">CH-ZuSLS</subfield></datafield><datafield ind1=" " ind2="7" tag="072"><subfield code="a">st</subfield><subfield code="2">rero</subfield></datafield><datafield ind1="0" ind2="0" tag="245"><subfield code="a">Petroleum geology</subfield><subfield code="b">from mature basins to new frontiers : proceedings of the 7th Petroleum Geology Conference</subfield><subfield code="c">B.A. Vining, S.C. Pickering</subfield></datafield><datafield ind1=" " ind2="1" tag="264"><subfield code="a">London</subfield><subfield code="b">The Geological Society</subfield><subfield code="c">2010</subfield></datafield><datafield ind1=" " ind2=" " tag="300"><subfield code="a">2 vol. (586, 1243 p.)</subfield><subfield code="b">ill.</subfield></datafield><datafield ind1=" " ind2=" " tag="336"><subfield code="b">txt</subfield><subfield code="2">rdacontent</subfield></datafield><datafield ind1=" " ind2=" " tag="337"><subfield code="b">n</subfield><subfield code="2">rdamedia</subfield></datafield><datafield ind1=" " ind2=" " tag="338"><subfield code="b">nc</subfield><subfield code="2">rdacarrier</subfield></datafield><datafield ind1="0" ind2=" " tag="490"><subfield code="a">GSL miscellaneous titles</subfield></datafield><datafield ind1=" " ind2=" " tag="500"><subfield code="a">Held at the Queen Elizabeth II Conference Centre, London, 30 March-2 April 2009</subfield></datafield><datafield ind1=" " ind2="7" tag="650"><subfield code="a">DIGITAL VERSATILE DISC, DVD (DOCUMENT TYPES)</subfield><subfield code="9">eng</subfield><subfield code="0">(ETHUDK)000062823</subfield><subfield code="2">ethudk</subfield></datafield><datafield ind1=" " ind2="7" tag="650"><subfield code="a">MATURATION PROCESSES IN HYDROCARBONS (PETROGRAPHY)</subfield><subfield code="9">eng</subfield><subfield code="0">(ETHUDK)000044146</subfield><subfield code="2">ethudk</subfield></datafield><datafield ind1=" " ind2="7" tag="650"><subfield code="a">PASSIVE CONTINENTAL MARGIN (SEDIMENTARY ENVIRONMENT)</subfield><subfield code="9">eng</subfield><subfield code="0">(ETHUDK)000047068</subfield><subfield code="2">ethudk</subfield></datafield><datafield ind1=" " ind2="7" tag="650"><subfield code="a">PETROLEUM DEPOSITS</subfield><subfield code="9">eng</subfield><subfield code="0">(ETHUDK)000020784</subfield><subfield code="2">ethudk</subfield></datafield><datafield ind1=" " ind2="7" tag="650"><subfield code="a">SEDIMENTARY BASINS (SEDIMENTARY ENVIRONMENT)</subfield><subfield code="9">eng</subfield><subfield code="0">(ETHUDK)000044382</subfield><subfield code="2">ethudk</subfield></datafield><datafield ind1=" " ind2="7" tag="655"><subfield code="a">Konferenzschrift</subfield><subfield code="z">London (Great Britain)</subfield><subfield code="y">2009</subfield><subfield code="2">gnd-content</subfield></datafield><datafield ind1="1" ind2=" " tag="700"><subfield code="a">Pickering, S.C.</subfield><subfield code="0">(RERO)A020130855</subfield></datafield><datafield ind1="1" ind2=" " tag="700"><subfield code="a">Vining, Bernie A.</subfield><subfield code="0">(IDREF)096121661</subfield></datafield><datafield ind1="2" ind2=" " tag="711"><subfield code="a">Conference on the Petroleum Geology of NW Europe</subfield><subfield code="0">(DE-588)1092241019</subfield></datafield><datafield ind1="2" ind2=" " tag="711"><subfield code="a">Petroleum Geology Conference</subfield><subfield code="n">7</subfield><subfield code="d">2009</subfield><subfield code="c">London</subfield><subfield code="0">(RERO)A020146349</subfield></datafield><datafield ind1="4" ind2=" " tag="856"><subfield code="3">Titelblatt und Inhaltsverzeichnis</subfield><subfield code="u">https://toc.library.ethz.ch/objects/pdf/e04_978-1-86239-298-4_01.pdf</subfield><subfield code="q">pdf</subfield></datafield><datafield ind1="4" ind2=" " tag="856"><subfield code="3">Abstract / Autoreninformation</subfield><subfield code="u">https://toc.library.ethz.ch/objects/pdf/e04_978-1-86239-298-4_02.pdf</subfield><subfield code="q">pdf</subfield></datafield><datafield ind1=" " ind2=" " tag="949"><subfield code="a">https://toc.library.ethz.ch/objects/pdf/e04_978-1-86239-298-4_01.pdf</subfield></datafield><datafield ind1=" " ind2=" " tag="949"><subfield code="a">https://toc.library.ethz.ch/objects/pdf/e04_978-1-86239-298-4_02.pdf</subfield></datafield></record>
</metadata></record>