<record><header><identifier>oai:alma.41SLSP_UGE:991000003979705502</identifier><datestamp>2023-04-09T00:39:08Z</datestamp><setSpec>uge_bcen_RapidILL_BOOK</setSpec><setSpec>uge_aaca_RapidILL_BOOK</setSpec><setSpec>uge_abels_RapidILL_BOOK</setSpec><setSpec>uge_dbu_RapidILL_BOOK</setSpec><setSpec>uge_cmu_RapidILL_BOOK</setSpec><setSpec>uge_mail_RapidILL_BOOK</setSpec><setSpec>UNIGE_ALL</setSpec><setSpec>uge_abbat_RapidILL_BOOK</setSpec><setSpec>uge_acar_RapidILL_BOOK</setSpec><setSpec>uge_aobs_RapidILL_BOOK</setSpec></header><metadata>
<record xmlns="http://www.loc.gov/MARC21/slim" xmlns:xsi="http://www.w3.org/2001/XMLSchema-instance" xsi:schemaLocation="http://www.loc.gov/MARC21/slim http://www.loc.gov/standards/marcxml/schema/MARC21slim.xsd"><leader>02165nam a2200481 c 4500</leader><controlfield tag="001">991000003979705502</controlfield><controlfield tag="005">20230408062658.0</controlfield><controlfield tag="008">201011s2011    xxk||||| |||| 00| ||eng d</controlfield><datafield ind1=" " ind2=" " tag="015"><subfield code="a">GBB203185</subfield><subfield code="2">bnb</subfield></datafield><datafield ind1=" " ind2=" " tag="020"><subfield code="a">9781862393318</subfield></datafield><datafield ind1=" " ind2=" " tag="035"><subfield code="a">(swissbib)229670288-41slsp_network</subfield></datafield><datafield ind1=" " ind2=" " tag="035"><subfield code="a">229670288</subfield><subfield code="9">ExL</subfield></datafield><datafield ind1=" " ind2=" " tag="035"><subfield code="a">(RERO)R006400211-41slsp</subfield></datafield><datafield ind1=" " ind2=" " tag="035"><subfield code="a">(NEBIS)007182315EBI01</subfield></datafield><datafield ind1=" " ind2=" " tag="035"><subfield code="a">(EXLNZ-41SLSP_NETWORK)991023460549705501</subfield></datafield><datafield ind1=" " ind2=" " tag="040"><subfield code="a">RERO geusst</subfield><subfield code="d">CH-ZuSLS</subfield></datafield><datafield ind1=" " ind2="7" tag="072"><subfield code="a">st</subfield><subfield code="2">rero</subfield></datafield><datafield ind1=" " ind2="7" tag="072"><subfield code="a">in</subfield><subfield code="2">rero</subfield></datafield><datafield ind1="0" ind2="0" tag="245"><subfield code="a">Slope engineering for mountain roads</subfield><subfield code="c">ed. by G.J. Hearn</subfield></datafield><datafield ind1=" " ind2="1" tag="264"><subfield code="a">London</subfield><subfield code="b">Geological Society</subfield><subfield code="c">2011</subfield></datafield><datafield ind1=" " ind2=" " tag="300"><subfield code="a">301 p.</subfield><subfield code="b">ill.</subfield></datafield><datafield ind1=" " ind2=" " tag="336"><subfield code="b">txt</subfield><subfield code="2">rdacontent</subfield></datafield><datafield ind1=" " ind2=" " tag="337"><subfield code="b">n</subfield><subfield code="2">rdamedia</subfield></datafield><datafield ind1=" " ind2=" " tag="338"><subfield code="b">nc</subfield><subfield code="2">rdacarrier</subfield></datafield><datafield ind1="1" ind2=" " tag="490"><subfield code="a">Engineering geology special publication</subfield><subfield code="v">no 24</subfield></datafield><datafield ind1=" " ind2=" " tag="504"><subfield code="a">Includes bibliographical references and index</subfield></datafield><datafield ind1=" " ind2="0" tag="650"><subfield code="a">Mountain roads</subfield><subfield code="x">Design and construction</subfield></datafield><datafield ind1=" " ind2="0" tag="650"><subfield code="a">Slopes (Physical geography)</subfield></datafield><datafield ind1=" " ind2="0" tag="650"><subfield code="a">Slopes (Soil mechanics)</subfield></datafield><datafield ind1=" " ind2="0" tag="650"><subfield code="a">Slopes (Soil mechanics)</subfield><subfield code="x">Stability</subfield></datafield><datafield ind1=" " ind2="0" tag="650"><subfield code="a">Landslides</subfield></datafield><datafield ind1=" " ind2="7" tag="650"><subfield code="a">BANKS (EARTHWORK CONSTRUCTION)</subfield><subfield code="9">eng</subfield><subfield code="0">(ETHUDK)000029900</subfield><subfield code="2">ethudk</subfield></datafield><datafield ind1=" " ind2="7" tag="650"><subfield code="a">EROSION AND DEBRIS MOVEMENT OF SLOPES (GEOMORPHOLOGY)</subfield><subfield code="9">eng</subfield><subfield code="0">(ETHUDK)000020124</subfield><subfield code="2">ethudk</subfield></datafield><datafield ind1=" " ind2="7" tag="650"><subfield code="a">HILLSLOPE/SEDIMENT TRANSPORT (SEDIMENTARY ENVIRONMENT)</subfield><subfield code="9">eng</subfield><subfield code="0">(ETHUDK)000055461</subfield><subfield code="2">ethudk</subfield></datafield><datafield ind1=" " ind2="7" tag="650"><subfield code="a">LANDSLIDES (GEOMORPHOLOGY)</subfield><subfield code="9">eng</subfield><subfield code="0">(ETHUDK)000037049</subfield><subfield code="2">ethudk</subfield></datafield><datafield ind1=" " ind2="7" tag="650"><subfield code="a">ROAD CONSTRUCTION + HIGHWAY ENGINEERING (CIVIL ENGINEERING)</subfield><subfield code="9">eng</subfield><subfield code="0">(ETHUDK)000030058</subfield><subfield code="2">ethudk</subfield></datafield><datafield ind1=" " ind2="7" tag="650"><subfield code="a">SLOPES (GEOMORPHOLOGY)</subfield><subfield code="9">eng</subfield><subfield code="0">(ETHUDK)000020110</subfield><subfield code="2">ethudk</subfield></datafield><datafield ind1="1" ind2=" " tag="700"><subfield code="a">Hearn, G.J.</subfield><subfield code="q">Gareth J.</subfield></datafield><datafield ind1="1" ind2=" " tag="700"><subfield code="a">Hearn, G. J.</subfield><subfield code="d">19..-....</subfield><subfield code="0">(IDREF)15843868X</subfield></datafield><datafield ind1="4" ind2=" " tag="856"><subfield code="3">Titelblatt und Inhaltsverzeichnis</subfield><subfield code="u">https://toc.library.ethz.ch/objects/pdf/e01_978-1-86239-331-8_01.pdf</subfield><subfield code="q">pdf</subfield></datafield><datafield ind1="4" ind2=" " tag="856"><subfield code="3">Abstract / Autoreninformation</subfield><subfield code="u">https://toc.library.ethz.ch/objects/pdf/e01_978-1-86239-331-8_02.pdf</subfield><subfield code="q">pdf</subfield></datafield><datafield ind1=" " ind2="0" tag="830"><subfield code="a">Engineering geology special publication</subfield><subfield code="v">24</subfield><subfield code="w">(RERO)1300471-41slsp</subfield></datafield><datafield ind1=" " ind2=" " tag="949"><subfield code="a">https://toc.library.ethz.ch/objects/pdf/e01_978-1-86239-331-8_01.pdf</subfield></datafield><datafield ind1=" " ind2=" " tag="949"><subfield code="a">https://toc.library.ethz.ch/objects/pdf/e01_978-1-86239-331-8_02.pdf</subfield></datafield></record>
</metadata></record>