<record><header><identifier>oai:alma.41SLSP_UGE:991000019869705502</identifier><datestamp>2024-03-20T02:54:28Z</datestamp><setSpec>uge_bcen_RapidILL_BOOK</setSpec><setSpec>uge_aaca_RapidILL_BOOK</setSpec><setSpec>uge_abels_RapidILL_BOOK</setSpec><setSpec>uge_dbu_RapidILL_BOOK</setSpec><setSpec>uge_cmu_RapidILL_BOOK</setSpec><setSpec>uge_mail_RapidILL_BOOK</setSpec><setSpec>uge_abbat_RapidILL_BOOK</setSpec><setSpec>UNIGE_ALL</setSpec><setSpec>uge_aobs_RapidILL_BOOK</setSpec><setSpec>uge_acar_RapidILL_BOOK</setSpec></header><metadata>
<record xmlns="http://www.loc.gov/MARC21/slim" xmlns:xsi="http://www.w3.org/2001/XMLSchema-instance" xsi:schemaLocation="http://www.loc.gov/MARC21/slim http://www.loc.gov/standards/marcxml/schema/MARC21slim.xsd"><leader>01193nam a2200289 ca4500</leader><controlfield tag="001">991000019869705502</controlfield><controlfield tag="005">20240319212419.0</controlfield><controlfield tag="008">961202m19759999gw ||||| |||| 00| ||ger d</controlfield><datafield ind1=" " ind2=" " tag="019"><subfield code="a">Übergeordnete Aufnahme = Niveau supérieur = Livello superiore</subfield><subfield code="5">SLSP/2020</subfield></datafield><datafield ind1="7" ind2=" " tag="024"><subfield code="a">http://catalogue.bnf.fr/ark:/12148/cb37665411k</subfield><subfield code="2">uri</subfield></datafield><datafield ind1=" " ind2=" " tag="035"><subfield code="a">(swissbib)079737919-41slsp_network</subfield></datafield><datafield ind1=" " ind2=" " tag="035"><subfield code="a">079737919</subfield><subfield code="9">ExL</subfield></datafield><datafield ind1=" " ind2=" " tag="035"><subfield code="a">(RERO)0563252-41slsp</subfield></datafield><datafield ind1=" " ind2=" " tag="035"><subfield code="a">(EXLNZ-41SLSP_NETWORK)991088290639705501</subfield></datafield><datafield ind1=" " ind2=" " tag="040"><subfield code="a">RERO</subfield><subfield code="d">CH-ZuSLS</subfield></datafield><datafield ind1=" " ind2="7" tag="072"><subfield code="a">al</subfield><subfield code="2">rero</subfield></datafield><datafield ind1="1" ind2=" " tag="100"><subfield code="a">Fontane, Theodor</subfield><subfield code="d">1819-1898</subfield><subfield code="0">(IDREF)027320812</subfield><subfield code="4">cre</subfield></datafield><datafield ind1="1" ind2="0" tag="245"><subfield code="a">Reiseberichte und Tagebücher</subfield><subfield code="c">Theodor Fontane</subfield></datafield><datafield ind1=" " ind2="1" tag="264"><subfield code="a">München</subfield><subfield code="b">C. Hanser</subfield><subfield code="a">[dann] Darmstadt</subfield><subfield code="b">Wissenschaftliche Buchgesellschaft</subfield><subfield code="c">[1975-&gt;]</subfield></datafield><datafield ind1=" " ind2="4" tag="264"><subfield code="c">© 1975-&gt;</subfield></datafield><datafield ind1=" " ind2=" " tag="300"><subfield code="c">19 cm</subfield></datafield><datafield ind1=" " ind2=" " tag="336"><subfield code="b">txt</subfield><subfield code="2">rdacontent</subfield></datafield><datafield ind1=" " ind2=" " tag="337"><subfield code="b">n</subfield><subfield code="2">rdamedia</subfield></datafield><datafield ind1=" " ind2=" " tag="338"><subfield code="b">nc</subfield><subfield code="2">rdacarrier</subfield></datafield><datafield ind1="1" ind2=" " tag="490"><subfield code="a">Werke, Schriften und Briefe / Theodor Fontane.</subfield><subfield code="v">Abt. 3</subfield><subfield code="a">Erinnerungen, ausgewählte Schriften und Kritiken</subfield><subfield code="v">Bd. 3</subfield></datafield><datafield ind1="1" ind2=" " tag="800"><subfield code="a">Fontane, Theodor</subfield><subfield code="d">1819-1898</subfield><subfield code="t">Sämtliche Werke</subfield><subfield code="v">3,3</subfield></datafield><datafield ind1="1" ind2=" " tag="800"><subfield code="a">Fontane, Theodor</subfield><subfield code="d">1819-1898</subfield><subfield code="t">Aufsätze, Kritiken, Erinnerungen</subfield><subfield code="v">3</subfield><subfield code="w">(RERO)0563230-41slsp</subfield></datafield><datafield ind1=" " ind2=" " tag="900"><subfield code="a">REROnoselfmerge</subfield></datafield></record>
</metadata></record>