<record><header><identifier>oai:alma.41SLSP_UGE:991000019969705502</identifier><datestamp>2024-09-13T00:19:16Z</datestamp><setSpec>uge_bcen_RapidILL_BOOK</setSpec><setSpec>uge_aaca_RapidILL_BOOK</setSpec><setSpec>uge_abels_RapidILL_BOOK</setSpec><setSpec>uge_dbu_RapidILL_BOOK</setSpec><setSpec>uge_cmu_RapidILL_BOOK</setSpec><setSpec>uge_mail_RapidILL_BOOK</setSpec><setSpec>uge_abbat_RapidILL_BOOK</setSpec><setSpec>UNIGE_ALL</setSpec><setSpec>uge_acar_RapidILL_BOOK</setSpec><setSpec>uge_aobs_RapidILL_BOOK</setSpec></header><metadata>
<record xmlns="http://www.loc.gov/MARC21/slim" xmlns:xsi="http://www.w3.org/2001/XMLSchema-instance" xsi:schemaLocation="http://www.loc.gov/MARC21/slim http://www.loc.gov/standards/marcxml/schema/MARC21slim.xsd"><leader>02106nam a2200541 c 4500</leader><controlfield tag="001">991000019969705502</controlfield><controlfield tag="005">20240912181538.0</controlfield><controlfield tag="008">201011s1990    xxu||||| |||| 00| ||eng d</controlfield><datafield ind1=" " ind2=" " tag="020"><subfield code="a">9780822310013</subfield><subfield code="q">alk. paper</subfield></datafield><datafield ind1=" " ind2=" " tag="020"><subfield code="a">0822310015</subfield></datafield><datafield ind1="7" ind2=" " tag="024"><subfield code="a">http://catalogue.bnf.fr/ark:/12148/cb35523498q</subfield><subfield code="2">uri</subfield></datafield><datafield ind1=" " ind2=" " tag="035"><subfield code="a">(swissbib)221336745-41slsp_network</subfield></datafield><datafield ind1=" " ind2=" " tag="035"><subfield code="a">221336745</subfield><subfield code="9">ExL</subfield></datafield><datafield ind1=" " ind2=" " tag="035"><subfield code="a">(RERO)1402399-41slsp</subfield></datafield><datafield ind1=" " ind2=" " tag="035"><subfield code="a">(NEBIS)003794334EBI01</subfield></datafield><datafield ind1=" " ind2=" " tag="035"><subfield code="a">(IDSBB)000821234DSV01</subfield></datafield><datafield ind1=" " ind2=" " tag="035"><subfield code="a">(EXLNZ-41SLSP_NETWORK)991009205259705501</subfield></datafield><datafield ind1=" " ind2=" " tag="040"><subfield code="a">RERO geulan</subfield><subfield code="d">CH-ZuSLS</subfield></datafield><datafield ind1=" " ind2="7" tag="072"><subfield code="a">an</subfield><subfield code="2">rero</subfield></datafield><datafield ind1=" " ind2="7" tag="072"><subfield code="a">le</subfield><subfield code="2">SzZuIDS BS/BE</subfield></datafield><datafield ind1="0" ind2="0" tag="082"><subfield code="a">813/.4</subfield><subfield code="2">20</subfield></datafield><datafield ind1=" " ind2=" " tag="084"><subfield code="a">HT 4705</subfield><subfield code="2">rvk</subfield></datafield><datafield ind1="0" ind2="0" tag="245"><subfield code="a">Mark Twain's &quot;Pudd'nhead Wilson&quot;</subfield><subfield code="b">race, conflict, and culture</subfield><subfield code="c">ed. by Susan Gillman and Forrest G. Robinson</subfield></datafield><datafield ind1=" " ind2="1" tag="264"><subfield code="a">Durham</subfield><subfield code="a">London</subfield><subfield code="b">Duke University Press</subfield><subfield code="c">1990</subfield></datafield><datafield ind1=" " ind2=" " tag="300"><subfield code="a">XVII, 262 p.</subfield><subfield code="c">23 cm</subfield></datafield><datafield ind1=" " ind2=" " tag="336"><subfield code="b">txt</subfield><subfield code="2">rdacontent</subfield></datafield><datafield ind1=" " ind2=" " tag="337"><subfield code="b">n</subfield><subfield code="2">rdamedia</subfield></datafield><datafield ind1=" " ind2=" " tag="338"><subfield code="b">nc</subfield><subfield code="2">rdacarrier</subfield></datafield><datafield ind1=" " ind2=" " tag="504"><subfield code="a">Includes bibliographical references (p. 229-254)</subfield></datafield><datafield ind1="1" ind2="7" tag="600"><subfield code="a">Twain, Mark</subfield><subfield code="d">1835-1910</subfield><subfield code="t">Pudd'nhead Wilson</subfield><subfield code="0">(IDREF)031713130</subfield><subfield code="2">idref</subfield></datafield><datafield ind1="1" ind2="7" tag="600"><subfield code="a">Twain, Mark</subfield><subfield code="d">1835-1910</subfield><subfield code="t">&lt;&lt;The&gt;&gt; tragedy of Pudd'nhead Wilson</subfield><subfield code="0">(DE-588)4506666-8</subfield><subfield code="2">gnd</subfield></datafield><datafield ind1="1" ind2="0" tag="600"><subfield code="a">Twain, Mark</subfield><subfield code="d">1835-1910</subfield><subfield code="t">Pudd'nhead Wilson</subfield></datafield><datafield ind1="1" ind2="0" tag="600"><subfield code="a">Twain, Mark</subfield><subfield code="d">1835-1910</subfield><subfield code="x">Political and social views</subfield></datafield><datafield ind1="1" ind2="7" tag="600"><subfield code="a">Twain, Mark</subfield><subfield code="x">Pudd'nhead Wilson</subfield><subfield code="2">idsbb</subfield></datafield><datafield ind1=" " ind2="7" tag="650"><subfield code="a">Kongress</subfield><subfield code="0">(DE-588)4130470-6</subfield><subfield code="2">gnd</subfield></datafield><datafield ind1=" " ind2="0" tag="650"><subfield code="a">Doubles in literature</subfield></datafield><datafield ind1=" " ind2="0" tag="650"><subfield code="a">Identity (Psychology) in literature</subfield></datafield><datafield ind1=" " ind2="0" tag="650"><subfield code="a">Literature and society</subfield><subfield code="z">United States</subfield><subfield code="x">History</subfield><subfield code="y">19th century</subfield></datafield><datafield ind1=" " ind2="0" tag="650"><subfield code="a">Race relations in literature</subfield></datafield><datafield ind1=" " ind2="0" tag="650"><subfield code="a">Slavery in literature</subfield></datafield><datafield ind1=" " ind2="0" tag="650"><subfield code="a">Social conflict in literature</subfield></datafield><datafield ind1=" " ind2="7" tag="655"><subfield code="a">[Études diverses]</subfield><subfield code="0">(RERO)A022249905</subfield><subfield code="2">rero</subfield></datafield><datafield ind1=" " ind2="7" tag="655"><subfield code="a">Aufsatzsammlung</subfield><subfield code="2">gnd-content</subfield></datafield><datafield ind1="1" ind2=" " tag="700"><subfield code="a">Gillman, Susan Kay</subfield><subfield code="d">19..-....</subfield><subfield code="0">(DE-588)153754737</subfield></datafield><datafield ind1="1" ind2=" " tag="700"><subfield code="a">Robinson, Forrest Glen</subfield></datafield><datafield ind1="1" ind2=" " tag="700"><subfield code="a">Gillman, Susan Kay</subfield><subfield code="d">19..-....</subfield><subfield code="0">(IDREF)02975304X</subfield></datafield><datafield ind1="0" ind2=" " tag="730"><subfield code="a">Mark Twain's &quot;Puddnhead Wilson&quot;</subfield></datafield><datafield ind1=" " ind2=" " tag="900"><subfield code="a">REROnoselfmerge</subfield></datafield><datafield ind1=" " ind2=" " tag="900"><subfield code="a">IDSZRMedeaZBZ</subfield><subfield code="b">IDSZRSWK</subfield></datafield></record>
</metadata></record>