<record><header><identifier>oai:alma.41SLSP_UGE:991000020069705502</identifier><datestamp>2023-03-27T00:18:02Z</datestamp><setSpec>uge_bcen_RapidILL_BOOK</setSpec><setSpec>uge_aaca_RapidILL_BOOK</setSpec><setSpec>uge_abels_RapidILL_BOOK</setSpec><setSpec>uge_dbu_RapidILL_BOOK</setSpec><setSpec>uge_cmu_RapidILL_BOOK</setSpec><setSpec>uge_mail_RapidILL_BOOK</setSpec><setSpec>uge_abbat_RapidILL_BOOK</setSpec><setSpec>UNIGE_ALL</setSpec><setSpec>uge_aobs_RapidILL_BOOK</setSpec><setSpec>uge_acar_RapidILL_BOOK</setSpec></header><metadata>
<record xmlns="http://www.loc.gov/MARC21/slim" xmlns:xsi="http://www.w3.org/2001/XMLSchema-instance" xsi:schemaLocation="http://www.loc.gov/MARC21/slim http://www.loc.gov/standards/marcxml/schema/MARC21slim.xsd"><leader>01513nam a2200385 c 4500</leader><controlfield tag="001">991000020069705502</controlfield><controlfield tag="005">20230326201634.0</controlfield><controlfield tag="008">201011s1987    sp ||||| |||| 00| ||spa d</controlfield><datafield ind1=" " ind2=" " tag="020"><subfield code="a">8477620253</subfield></datafield><datafield ind1=" " ind2=" " tag="035"><subfield code="a">(swissbib)22815183X-41slsp_network</subfield></datafield><datafield ind1=" " ind2=" " tag="035"><subfield code="a">22815183X</subfield><subfield code="9">ExL</subfield></datafield><datafield ind1=" " ind2=" " tag="035"><subfield code="a">(RERO)1135170-41slsp</subfield></datafield><datafield ind1=" " ind2=" " tag="035"><subfield code="a">(IDSBB)001117707DSV01</subfield></datafield><datafield ind1=" " ind2=" " tag="035"><subfield code="a">(EXLNZ-41SLSP_NETWORK)991062634979705501</subfield></datafield><datafield ind1=" " ind2=" " tag="040"><subfield code="a">RERO labcud</subfield><subfield code="d">CH-ZuSLS</subfield></datafield><datafield ind1=" " ind2="7" tag="072"><subfield code="a">es</subfield><subfield code="2">rero</subfield></datafield><datafield ind1=" " ind2="7" tag="072"><subfield code="a">ir</subfield><subfield code="2">SzZuIDS BS/BE</subfield></datafield><datafield ind1=" " ind2=" " tag="084"><subfield code="a">IM 7040</subfield><subfield code="2">rvk</subfield></datafield><datafield ind1=" " ind2=" " tag="084"><subfield code="a">IN 1972</subfield><subfield code="2">rvk</subfield></datafield><datafield ind1="1" ind2=" " tag="100"><subfield code="a">Eguren Gutiérrez, Luis Javier</subfield><subfield code="0">(IDREF)11039819X</subfield><subfield code="4">cre</subfield></datafield><datafield ind1="1" ind2="0" tag="245"><subfield code="a">Aspectos lúdicos del lenguaje</subfield><subfield code="b">la jitanjáfora, problema lingüístico</subfield><subfield code="c">Luis Javier Eguren Gutiérrez</subfield></datafield><datafield ind1=" " ind2="1" tag="264"><subfield code="a">Valladolid</subfield><subfield code="b">Secretariado de publicaciones Universidad de Valladolid</subfield><subfield code="c">[1987]</subfield></datafield><datafield ind1=" " ind2="4" tag="264"><subfield code="c">© 1987</subfield></datafield><datafield ind1=" " ind2=" " tag="300"><subfield code="a">160 S.</subfield><subfield code="b">Ill.</subfield><subfield code="c">24 cm</subfield></datafield><datafield ind1=" " ind2=" " tag="336"><subfield code="b">txt</subfield><subfield code="2">rdacontent</subfield></datafield><datafield ind1=" " ind2=" " tag="337"><subfield code="b">n</subfield><subfield code="2">rdamedia</subfield></datafield><datafield ind1=" " ind2=" " tag="338"><subfield code="b">nc</subfield><subfield code="2">rdacarrier</subfield></datafield><datafield ind1="1" ind2=" " tag="490"><subfield code="a">Lingüística y filología</subfield><subfield code="v">no 5</subfield></datafield><datafield ind1=" " ind2="7" tag="650"><subfield code="a">Espagnol (langue)</subfield><subfield code="0">(IDREF)027224430</subfield><subfield code="2">idref</subfield></datafield><datafield ind1=" " ind2="7" tag="650"><subfield code="a">Mots d'esprit et jeux de mots</subfield><subfield code="0">(IDREF)027235629</subfield><subfield code="2">idref</subfield></datafield><datafield ind1=" " ind2="7" tag="650"><subfield code="a">Linguistique</subfield><subfield code="0">(IDREF)027236005</subfield><subfield code="2">idref</subfield></datafield><datafield ind1=" " ind2=" " tag="690"><subfield code="a">Formación de palabras</subfield><subfield code="2">ubs-AR</subfield></datafield><datafield ind1=" " ind2=" " tag="690"><subfield code="a">Juego de palabras</subfield><subfield code="2">ubs-AR</subfield></datafield><datafield ind1=" " ind2="0" tag="830"><subfield code="a">Lingüística y filología</subfield><subfield code="v">5</subfield><subfield code="w">(IDSBB)000555692DSV01</subfield></datafield><datafield ind1=" " ind2="0" tag="830"><subfield code="a">Lingüística y filología</subfield><subfield code="p">Secretariado de publicaciones e intercambio científico, Universidad de Valladolid</subfield><subfield code="v">5</subfield><subfield code="w">(RERO)R223843560-41slsp</subfield></datafield><datafield ind1=" " ind2=" " tag="900"><subfield code="a">REROnoselfmerge</subfield></datafield><datafield ind1=" " ind2=" " tag="993"><subfield code="a">BFLA 39012</subfield><subfield code="x">ge/ules/a/89/666</subfield><subfield code="x">ge/ules/a/10/462</subfield><subfield code="9">LOCAL</subfield></datafield></record>
</metadata></record>