<record><header><identifier>oai:alma.41SLSP_UGE:991000002169705502</identifier><datestamp>2023-04-08T00:24:24Z</datestamp><setSpec>uge_bcen_RapidILL_BOOK</setSpec><setSpec>uge_aaca_RapidILL_BOOK</setSpec><setSpec>uge_abels_RapidILL_BOOK</setSpec><setSpec>uge_dbu_RapidILL_BOOK</setSpec><setSpec>uge_cmu_RapidILL_BOOK</setSpec><setSpec>uge_mail_RapidILL_BOOK</setSpec><setSpec>uge_abbat_RapidILL_BOOK</setSpec><setSpec>UNIGE_ALL</setSpec><setSpec>uge_acar_RapidILL_BOOK</setSpec><setSpec>uge_aobs_RapidILL_BOOK</setSpec></header><metadata>
<record xmlns="http://www.loc.gov/MARC21/slim" xmlns:xsi="http://www.w3.org/2001/XMLSchema-instance" xsi:schemaLocation="http://www.loc.gov/MARC21/slim http://www.loc.gov/standards/marcxml/schema/MARC21slim.xsd"><leader>01872nam a2200481 c 4500</leader><controlfield tag="001">991000002169705502</controlfield><controlfield tag="005">20230406203017.0</controlfield><controlfield tag="008">201011s1992    it ||||| |||| 00| ||ita d</controlfield><datafield ind1=" " ind2=" " tag="020"><subfield code="a">8871860306</subfield></datafield><datafield ind1=" " ind2=" " tag="035"><subfield code="a">(swissbib)223279773-41slsp_network</subfield></datafield><datafield ind1=" " ind2=" " tag="035"><subfield code="a">223279773</subfield><subfield code="9">ExL</subfield></datafield><datafield ind1=" " ind2=" " tag="035"><subfield code="a">(RERO)1658598-41slsp</subfield></datafield><datafield ind1=" " ind2=" " tag="035"><subfield code="a">(IDSBB)004820518DSV01</subfield></datafield><datafield ind1=" " ind2=" " tag="035"><subfield code="a">(NEBIS)001275394EBI01</subfield></datafield><datafield ind1=" " ind2=" " tag="035"><subfield code="a">(IDSSG)000094424HSB01</subfield></datafield><datafield ind1=" " ind2=" " tag="035"><subfield code="a">(EXLNZ-41SLSP_NETWORK)991001083079705501</subfield></datafield><datafield ind1=" " ind2=" " tag="040"><subfield code="a">RERO geulit</subfield><subfield code="d">CH-ZuSLS</subfield></datafield><datafield ind1=" " ind2="7" tag="072"><subfield code="a">it</subfield><subfield code="2">rero</subfield></datafield><datafield ind1="0" ind2="4" tag="082"><subfield code="a">853.914</subfield></datafield><datafield ind1="1" ind2="4" tag="082"><subfield code="a">853.914</subfield><subfield code="2">22</subfield></datafield><datafield ind1="1" ind2=" " tag="100"><subfield code="a">Pellegrini, Ernestina</subfield><subfield code="d">1951-</subfield><subfield code="0">(DE-588)1089832036</subfield><subfield code="6">880-01</subfield></datafield><datafield ind1="1" ind2=" " tag="880"><subfield code="6">100-01</subfield><subfield code="a">Pellegrini, Ernestina</subfield><subfield code="d">1951-....</subfield><subfield code="0">(IDREF)028778936</subfield><subfield code="4">cre</subfield></datafield><datafield ind1="1" ind2="0" tag="245"><subfield code="a">Nel paese di Meneghello</subfield><subfield code="b">un itinerario critico</subfield><subfield code="c">Ernestina Pellegrini ; con un saggio bibliografico di Zygmunt G. Baranski</subfield></datafield><datafield ind1=" " ind2="1" tag="264"><subfield code="a">Bergamo</subfield><subfield code="b">Moretti e Vitali</subfield><subfield code="c">1992</subfield></datafield><datafield ind1=" " ind2=" " tag="300"><subfield code="a">179 pp.</subfield><subfield code="c">24 cm</subfield></datafield><datafield ind1=" " ind2=" " tag="336"><subfield code="b">txt</subfield><subfield code="2">rdacontent</subfield></datafield><datafield ind1=" " ind2=" " tag="337"><subfield code="b">n</subfield><subfield code="2">rdamedia</subfield></datafield><datafield ind1=" " ind2=" " tag="338"><subfield code="b">nc</subfield><subfield code="2">rdacarrier</subfield></datafield><datafield ind1="1" ind2=" " tag="490"><subfield code="a">La salamandra</subfield><subfield code="v">8</subfield></datafield><datafield ind1=" " ind2=" " tag="504"><subfield code="a">Luigi Meneghello, bibliografia (1948-1991) : p. 155-179</subfield></datafield><datafield ind1=" " ind2=" " tag="504"><subfield code="a">Literaturverz. L. Meneghello</subfield></datafield><datafield ind1=" " ind2=" " tag="504"><subfield code="a">Literaturverzeichnis S. 155-179</subfield></datafield><datafield ind1="1" ind2="7" tag="600"><subfield code="a">Meneghello, Luigi</subfield><subfield code="d">1922-2007</subfield><subfield code="0">(IDREF)029901464</subfield><subfield code="2">idref</subfield></datafield><datafield ind1="1" ind2="7" tag="600"><subfield code="a">Meneghello, Luigi</subfield><subfield code="2">idszbz</subfield></datafield><datafield ind1="1" ind2="0" tag="600"><subfield code="a">Meneghello, Luigi</subfield><subfield code="x">Criticism and interpretation</subfield></datafield><datafield ind1="1" ind2="7" tag="600"><subfield code="a">Meneghello, Luigi</subfield><subfield code="d">1922-2007</subfield><subfield code="0">(DE-588)118865978</subfield><subfield code="2">gnd</subfield></datafield><datafield ind1=" " ind2="7" tag="650"><subfield code="a">Werk</subfield><subfield code="2">idszbz</subfield></datafield><datafield ind1=" " ind2="7" tag="655"><subfield code="a">Bibliografie</subfield><subfield code="2">gnd-content</subfield></datafield><datafield ind1="1" ind2=" " tag="700"><subfield code="a">Baranski, Zygmunt G.</subfield></datafield><datafield ind1="1" ind2=" " tag="700"><subfield code="a">Barański, Zygmunt G</subfield><subfield code="0">(RERO)A002967387</subfield></datafield><datafield ind1="4" ind2=" " tag="856"><subfield code="3">Inhaltsverzeichnis</subfield><subfield code="u">http://www.ub.unibas.ch/tox/HBZ/HT006168599/PDF</subfield><subfield code="q">pdf</subfield></datafield><datafield ind1=" " ind2="0" tag="830"><subfield code="a">&lt;&lt;La&gt;&gt; salamandra</subfield><subfield code="v">8</subfield><subfield code="w">(IDSSG)000065278HSB01</subfield></datafield><datafield ind1=" " ind2="0" tag="830"><subfield code="a">&lt;&lt;La&gt;&gt; salamandra</subfield><subfield code="p">Moretti e Vitali</subfield><subfield code="v">8</subfield><subfield code="w">(RERO)1659068-41slsp</subfield></datafield><datafield ind1=" " ind2=" " tag="949"><subfield code="a">http://www.ub.unibas.ch/tox/HBZ/HT006168599/PDF</subfield></datafield><datafield ind1=" " ind2=" " tag="993"><subfield code="a">BFLA 61878</subfield><subfield code="x">ge/ulit/a/93/186</subfield><subfield code="9">LOCAL</subfield></datafield></record>
</metadata></record>