<record><header><identifier>oai:alma.41SLSP_UGE:991000052029705502</identifier><datestamp>2023-03-01T01:08:52Z</datestamp><setSpec>uge_bcen_RapidILL_BOOK</setSpec><setSpec>uge_aaca_RapidILL_BOOK</setSpec><setSpec>uge_abels_RapidILL_BOOK</setSpec><setSpec>uge_dbu_RapidILL_BOOK</setSpec><setSpec>uge_cmu_RapidILL_BOOK</setSpec><setSpec>uge_mail_RapidILL_BOOK</setSpec><setSpec>UNIGE_ALL</setSpec><setSpec>uge_abbat_RapidILL_BOOK</setSpec><setSpec>uge_aobs_RapidILL_BOOK</setSpec><setSpec>uge_acar_RapidILL_BOOK</setSpec></header><metadata>
<record xmlns="http://www.loc.gov/MARC21/slim" xmlns:xsi="http://www.w3.org/2001/XMLSchema-instance" xsi:schemaLocation="http://www.loc.gov/MARC21/slim http://www.loc.gov/standards/marcxml/schema/MARC21slim.xsd"><leader>01571nam a2200385 c 4500</leader><controlfield tag="001">991000052029705502</controlfield><controlfield tag="005">20230127203808.0</controlfield><controlfield tag="008">921111s1992    xxk||||| |||| 00| ||eng d</controlfield><datafield ind1=" " ind2=" " tag="019"><subfield code="a">1 notice analytique CEJE pour contribution de droit suisse</subfield><subfield code="5">RERO/23.02.1993/geubfd/gac</subfield></datafield><datafield ind1=" " ind2=" " tag="035"><subfield code="a">(swissbib)087049562-41slsp_network</subfield></datafield><datafield ind1=" " ind2=" " tag="035"><subfield code="a">087049562</subfield><subfield code="9">ExL</subfield></datafield><datafield ind1=" " ind2=" " tag="035"><subfield code="a">(RERO)1603202-41slsp</subfield></datafield><datafield ind1=" " ind2=" " tag="035"><subfield code="a">(EXLNZ-41SLSP_NETWORK)991140030359705501</subfield></datafield><datafield ind1=" " ind2=" " tag="040"><subfield code="a">RERO laisdc</subfield><subfield code="d">CH-ZuSLS</subfield></datafield><datafield ind1=" " ind2="7" tag="072"><subfield code="a">dr</subfield><subfield code="2">rero</subfield></datafield><datafield ind1=" " ind2="7" tag="072"><subfield code="a">se</subfield><subfield code="2">rero</subfield></datafield><datafield ind1=" " ind2=" " tag="084"><subfield code="a">A 79.1 h</subfield><subfield code="2">cjurrom</subfield></datafield><datafield ind1=" " ind2=" " tag="084"><subfield code="a">A 79.1 g</subfield><subfield code="2">cjurrom</subfield></datafield><datafield ind1="0" ind2="0" tag="245"><subfield code="a">International M &amp; [and] A</subfield><subfield code="c">publ. by Euromoney Publ. in conjunction with Cleary, Gottlieb, Steen &amp; Hamilton ... [et al.]</subfield></datafield><datafield ind1=" " ind2="1" tag="264"><subfield code="a">London</subfield><subfield code="b">Euromoney Publ.</subfield><subfield code="c">1992</subfield></datafield><datafield ind1=" " ind2=" " tag="300"><subfield code="a">78 p.</subfield><subfield code="c">30 cm</subfield></datafield><datafield ind1=" " ind2=" " tag="336"><subfield code="b">txt</subfield><subfield code="2">rdacontent</subfield></datafield><datafield ind1=" " ind2=" " tag="337"><subfield code="b">n</subfield><subfield code="2">rdamedia</subfield></datafield><datafield ind1=" " ind2=" " tag="338"><subfield code="b">nc</subfield><subfield code="2">rdacarrier</subfield></datafield><datafield ind1="1" ind2=" " tag="490"><subfield code="a">International financial law review. Special supplement</subfield><subfield code="v">September 1992</subfield></datafield><datafield ind1=" " ind2=" " tag="500"><subfield code="a">La couv. tient lieu de page de titre</subfield></datafield><datafield ind1=" " ind2="7" tag="650"><subfield code="a">Fusion d'entreprises</subfield><subfield code="0">(IDREF)027741923</subfield><subfield code="2">idref</subfield></datafield><datafield ind1=" " ind2="7" tag="650"><subfield code="a">Droit comparé</subfield><subfield code="0">(IDREF)027741451</subfield><subfield code="2">idref</subfield></datafield><datafield ind1=" " ind2="7" tag="650"><subfield code="a">Entreprises</subfield><subfield code="0">(IDREF)027467473</subfield><subfield code="2">idref</subfield></datafield><datafield ind1=" " ind2="7" tag="650"><subfield code="a">Achat</subfield><subfield code="0">(IDREF)027358879</subfield><subfield code="2">idref</subfield></datafield><datafield ind1=" " ind2="7" tag="655"><subfield code="a">[Études diverses]</subfield><subfield code="0">(RERO)A022249905</subfield><subfield code="2">rero</subfield></datafield><datafield ind1="2" ind2=" " tag="710"><subfield code="a">Euromoney Publications (London)</subfield><subfield code="0">(RERO)A003224485</subfield></datafield><datafield ind1="2" ind2=" " tag="710"><subfield code="a">Cleary, Gottlieb, Steen &amp; [and] Hamilton</subfield><subfield code="0">(RERO)A003110691</subfield></datafield><datafield ind1="0" ind2=" " tag="730"><subfield code="a">International mergers and acquisitions</subfield></datafield><datafield ind1=" " ind2=" " tag="830"><subfield code="a">International financial law review</subfield><subfield code="p">Special supplement</subfield><subfield code="v">1992/9</subfield><subfield code="w">(RERO)1647183-41slsp</subfield></datafield><datafield ind1=" " ind2=" " tag="900"><subfield code="a">REROnoselfmerge</subfield></datafield></record>
</metadata></record>