<record><header><identifier>oai:alma.41SLSP_UGE:991000019759705502</identifier><datestamp>2024-07-17T00:52:39Z</datestamp><setSpec>uge_bcen_RapidILL_BOOK</setSpec><setSpec>uge_aaca_RapidILL_BOOK</setSpec><setSpec>uge_abels_RapidILL_BOOK</setSpec><setSpec>uge_dbu_RapidILL_BOOK</setSpec><setSpec>uge_cmu_RapidILL_BOOK</setSpec><setSpec>uge_mail_RapidILL_BOOK</setSpec><setSpec>uge_abbat_RapidILL_BOOK</setSpec><setSpec>UNIGE_ALL</setSpec><setSpec>uge_acar_RapidILL_BOOK</setSpec><setSpec>uge_aobs_RapidILL_BOOK</setSpec></header><metadata>
<record xmlns="http://www.loc.gov/MARC21/slim" xmlns:xsi="http://www.w3.org/2001/XMLSchema-instance" xsi:schemaLocation="http://www.loc.gov/MARC21/slim http://www.loc.gov/standards/marcxml/schema/MARC21slim.xsd"><leader>02473nam a2200517 c 4500</leader><controlfield tag="001">991000019759705502</controlfield><controlfield tag="005">20230913122544.0</controlfield><controlfield tag="008">201011t20132013fr ||||| |||| 00| ||fre d</controlfield><datafield ind1=" " ind2=" " tag="020"><subfield code="a">9782200287320</subfield><subfield code="q">broché</subfield></datafield><datafield ind1="7" ind2=" " tag="024"><subfield code="a">http://catalogue.bnf.fr/ark:/12148/cb43699703x</subfield><subfield code="2">uri</subfield></datafield><datafield ind1=" " ind2=" " tag="035"><subfield code="a">(swissbib)212574744-41slsp_network</subfield></datafield><datafield ind1=" " ind2=" " tag="035"><subfield code="a">212574744</subfield><subfield code="9">ExL</subfield></datafield><datafield ind1=" " ind2=" " tag="035"><subfield code="a">(RERO)R007521460-41slsp</subfield></datafield><datafield ind1=" " ind2=" " tag="035"><subfield code="a">(NEBIS)010090590EBI01</subfield></datafield><datafield ind1=" " ind2=" " tag="035"><subfield code="a">(EXLNZ-41SLSP_NETWORK)991137982469705501</subfield></datafield><datafield ind1=" " ind2=" " tag="040"><subfield code="a">RERO geulfr</subfield><subfield code="b">fre</subfield><subfield code="e">rda</subfield><subfield code="d">CH-ZuSLS HESSO EIA-FR</subfield></datafield><datafield ind1=" " ind2="7" tag="072"><subfield code="a">ba</subfield><subfield code="2">rero</subfield></datafield><datafield ind1="1" ind2=" " tag="100"><subfield code="a">Gaudreault, André</subfield><subfield code="d">1952-</subfield><subfield code="6">880-01</subfield><subfield code="4">aut</subfield><subfield code="0">(DE-588)132789620</subfield></datafield><datafield ind1="1" ind2=" " tag="880"><subfield code="6">100-01</subfield><subfield code="a">Gaudreault, André</subfield><subfield code="d">1952-....</subfield><subfield code="0">(IDREF)029163579</subfield><subfield code="4">aut</subfield></datafield><datafield ind1="1" ind2="0" tag="245"><subfield code="a">&lt;&lt;La&gt;&gt; fin du cinéma ?</subfield><subfield code="b">un média en crise à l'ère du numérique</subfield><subfield code="c">André Gaudreault, Philippe Marion</subfield></datafield><datafield ind1=" " ind2="1" tag="264"><subfield code="a">Paris</subfield><subfield code="b">Armand Colin</subfield><subfield code="c">[2013]</subfield></datafield><datafield ind1=" " ind2="4" tag="264"><subfield code="a">© 2013</subfield></datafield><datafield ind1=" " ind2=" " tag="300"><subfield code="a">275 pages</subfield><subfield code="b">illustrations</subfield><subfield code="c">21 cm</subfield></datafield><datafield ind1=" " ind2=" " tag="336"><subfield code="b">txt</subfield><subfield code="2">rdacontent</subfield></datafield><datafield ind1=" " ind2=" " tag="337"><subfield code="b">n</subfield><subfield code="2">rdamedia</subfield></datafield><datafield ind1=" " ind2=" " tag="338"><subfield code="b">nc</subfield><subfield code="2">rdacarrier</subfield></datafield><datafield ind1="0" ind2=" " tag="490"><subfield code="a">Collection Cinéma/arts visuels</subfield></datafield><datafield ind1=" " ind2=" " tag="500"><subfield code="a">Il existe un complément à cet ouvrage sur Internet</subfield></datafield><datafield ind1=" " ind2="7" tag="648"><subfield code="a">Geschichte 1992-2013</subfield><subfield code="2">gnd</subfield></datafield><datafield ind1=" " ind2="7" tag="648"><subfield code="a">Geschichte 1950-2000</subfield><subfield code="2">idszbz</subfield></datafield><datafield ind1=" " ind2="7" tag="648"><subfield code="a">Geschichte 2000-2050</subfield><subfield code="2">idszbz</subfield></datafield><datafield ind1=" " ind2="7" tag="650"><subfield code="a">INDUSTRIE DU CINÉMA (CINÉMATOGRAPHIE)</subfield><subfield code="9">fre</subfield><subfield code="0">(ETHUDK)000010794</subfield><subfield code="2">ethudk</subfield></datafield><datafield ind1=" " ind2="7" tag="650"><subfield code="a">HISTOIRE DU FILM + HISTOIRE DU CINÉMA</subfield><subfield code="9">fre</subfield><subfield code="0">(ETHUDK)000042332</subfield><subfield code="2">ethudk</subfield></datafield><datafield ind1=" " ind2="7" tag="650"><subfield code="a">FILMS-CINÉMA (PHOTOGRAPHIE)</subfield><subfield code="9">fre</subfield><subfield code="0">(ETHUDK)000035923</subfield><subfield code="2">ethudk</subfield></datafield><datafield ind1=" " ind2="7" tag="650"><subfield code="a">TÉLÉCOMMUNICATIONS NUMÉRIQUES + TECHNIQUE NUMÉRIQUE (TÉLÉCOMMUNICATIONS)</subfield><subfield code="9">fre</subfield><subfield code="0">(ETHUDK)000028735</subfield><subfield code="2">ethudk</subfield></datafield><datafield ind1=" " ind2="7" tag="650"><subfield code="a">Cinéma numérique</subfield><subfield code="0">(IDREF)050808494</subfield><subfield code="2">idref</subfield></datafield><datafield ind1=" " ind2="7" tag="650"><subfield code="a">21e siècle (début)</subfield><subfield code="0">(RERO)A022437388</subfield><subfield code="2">rero</subfield></datafield><datafield ind1=" " ind2="7" tag="650"><subfield code="a">Filmästhetik</subfield><subfield code="0">(DE-588)4140881-0</subfield><subfield code="2">gnd</subfield></datafield><datafield ind1=" " ind2="7" tag="650"><subfield code="a">Digitale Filmtechnik</subfield><subfield code="0">(DE-588)4763566-6</subfield><subfield code="2">gnd</subfield></datafield><datafield ind1=" " ind2="7" tag="650"><subfield code="a">Technischer Fortschritt</subfield><subfield code="0">(DE-588)4059252-2</subfield><subfield code="2">gnd</subfield></datafield><datafield ind1="1" ind2=" " tag="700"><subfield code="a">Marion, Philippe</subfield><subfield code="6">880-02</subfield><subfield code="4">aut</subfield><subfield code="0">(DE-588)140794646</subfield></datafield><datafield ind1="1" ind2=" " tag="880"><subfield code="6">700-02</subfield><subfield code="a">Marion, Philippe</subfield><subfield code="0">(RERO)A003562512</subfield><subfield code="4">aut</subfield></datafield><datafield ind1="4" ind2="2" tag="856"><subfield code="3">Complément</subfield><subfield code="u">http://finducinema.com</subfield></datafield><datafield ind1="4" ind2=" " tag="856"><subfield code="3">Titelblatt und Inhaltsverzeichnis</subfield><subfield code="u">https://toc.library.ethz.ch/objects/pdf03/z01_978-2-200-28732-0_01.pdf</subfield><subfield code="q">pdf</subfield></datafield><datafield ind1=" " ind2=" " tag="900"><subfield code="a">REROnoselfmerge</subfield></datafield><datafield ind1=" " ind2=" " tag="900"><subfield code="a">IDSZ2zbzmon201405f</subfield><subfield code="c">IDSZ2gehm</subfield><subfield code="d">IDSZ2zbzswk201405b</subfield><subfield code="e">IDSZ2genh</subfield></datafield><datafield ind1=" " ind2=" " tag="949"><subfield code="a">https://toc.library.ethz.ch/objects/pdf03/z01_978-2-200-28732-0_01.pdf</subfield></datafield></record>
</metadata></record>