<record><header><identifier>oai:alma.41SLSP_UGE:991000020379705502</identifier><datestamp>2023-04-19T00:11:37Z</datestamp><setSpec>uge_bcen_RapidILL_BOOK</setSpec><setSpec>uge_aaca_RapidILL_BOOK</setSpec><setSpec>uge_abels_RapidILL_BOOK</setSpec><setSpec>uge_dbu_RapidILL_BOOK</setSpec><setSpec>uge_cmu_RapidILL_BOOK</setSpec><setSpec>uge_mail_RapidILL_BOOK</setSpec><setSpec>uge_abbat_RapidILL_BOOK</setSpec><setSpec>UNIGE_ALL</setSpec><setSpec>uge_acar_RapidILL_BOOK</setSpec><setSpec>uge_aobs_RapidILL_BOOK</setSpec></header><metadata>
<record xmlns="http://www.loc.gov/MARC21/slim" xmlns:xsi="http://www.w3.org/2001/XMLSchema-instance" xsi:schemaLocation="http://www.loc.gov/MARC21/slim http://www.loc.gov/standards/marcxml/schema/MARC21slim.xsd"><leader>02877nam a2200733uc 4500</leader><controlfield tag="001">991000020379705502</controlfield><controlfield tag="005">20230418201836.0</controlfield><controlfield tag="008">201011t19871987gw ||||| |||| 00| ||eng d</controlfield><datafield ind1=" " ind2=" " tag="010"><subfield code="a">87020654</subfield></datafield><datafield ind1=" " ind2=" " tag="020"><subfield code="a">3540176675</subfield><subfield code="q">Berlin Heidelberg ...</subfield></datafield><datafield ind1=" " ind2=" " tag="020"><subfield code="a">0387176675</subfield><subfield code="q">New York Berlin ...</subfield></datafield><datafield ind1=" " ind2=" " tag="035"><subfield code="a">(swissbib)222354356-41slsp_network</subfield></datafield><datafield ind1=" " ind2=" " tag="035"><subfield code="a">222354356</subfield><subfield code="9">ExL</subfield></datafield><datafield ind1=" " ind2=" " tag="035"><subfield code="a">(IDSBB)000337652DSV01</subfield></datafield><datafield ind1=" " ind2=" " tag="035"><subfield code="a">(RERO)0926652-41slsp</subfield></datafield><datafield ind1=" " ind2=" " tag="035"><subfield code="a">(NEBIS)000474803EBI01</subfield></datafield><datafield ind1=" " ind2=" " tag="035"><subfield code="a">(EXLNZ-41SLSP_NETWORK)991082607029705501</subfield></datafield><datafield ind1=" " ind2=" " tag="040"><subfield code="a">SzZuIDS BS/BE B452</subfield><subfield code="b">ger</subfield><subfield code="e">kids</subfield><subfield code="d">CH-ZuSLS</subfield></datafield><datafield ind1=" " ind2=" " tag="044"><subfield code="a">gw</subfield><subfield code="a">xxu</subfield></datafield><datafield ind1=" " ind2="7" tag="072"><subfield code="a">ch</subfield><subfield code="2">SzZuIDS BS/BE</subfield></datafield><datafield ind1=" " ind2="7" tag="072"><subfield code="a">ge</subfield><subfield code="2">SzZuIDS BS/BE</subfield></datafield><datafield ind1=" " ind2="7" tag="072"><subfield code="a">st</subfield><subfield code="2">rero</subfield></datafield><datafield ind1="0" ind2="0" tag="082"><subfield code="a">549/.131</subfield><subfield code="2">19</subfield></datafield><datafield ind1="1" ind2="4" tag="082"><subfield code="a">549.131</subfield><subfield code="2">22</subfield></datafield><datafield ind1=" " ind2=" " tag="084"><subfield code="a">RB 10160</subfield><subfield code="2">rvk</subfield></datafield><datafield ind1=" " ind2=" " tag="084"><subfield code="a">UQ 6400</subfield><subfield code="2">rvk</subfield></datafield><datafield ind1="1" ind2=" " tag="100"><subfield code="a">Ganguly, Jibamitra</subfield><subfield code="d">1938-</subfield><subfield code="0">(DE-588)111566797</subfield><subfield code="6">880-01</subfield></datafield><datafield ind1="1" ind2=" " tag="880"><subfield code="6">100-01</subfield><subfield code="a">Ganguly, Jibamitra</subfield><subfield code="0">(IDREF)129409405</subfield><subfield code="4">cre</subfield></datafield><datafield ind1="1" ind2="0" tag="245"><subfield code="a">Mixtures and mineral reactions</subfield><subfield code="c">J. Ganguly, S. K. Saxena</subfield></datafield><datafield ind1=" " ind2="1" tag="264"><subfield code="a">Berlin [etc.]</subfield><subfield code="b">Springer</subfield><subfield code="c">[1987]</subfield></datafield><datafield ind1=" " ind2="4" tag="264"><subfield code="c">© 1987</subfield></datafield><datafield ind1=" " ind2=" " tag="300"><subfield code="a">XII, 291 S.</subfield><subfield code="c">24 cm</subfield><subfield code="b">108 Ill.</subfield></datafield><datafield ind1=" " ind2=" " tag="336"><subfield code="b">txt</subfield><subfield code="2">rdacontent</subfield></datafield><datafield ind1=" " ind2=" " tag="337"><subfield code="b">n</subfield><subfield code="2">rdamedia</subfield></datafield><datafield ind1=" " ind2=" " tag="338"><subfield code="b">nc</subfield><subfield code="2">rdacarrier</subfield></datafield><datafield ind1="1" ind2=" " tag="490"><subfield code="a">Minerals and rocks</subfield><subfield code="v">19</subfield></datafield><datafield ind1=" " ind2="7" tag="650"><subfield code="a">Bodenchemie</subfield><subfield code="0">(DE-588)4146134-4</subfield><subfield code="2">gnd</subfield></datafield><datafield ind1=" " ind2="7" tag="650"><subfield code="a">Gemisch</subfield><subfield code="0">(DE-588)4132151-0</subfield><subfield code="2">gnd</subfield></datafield><datafield ind1=" " ind2="7" tag="650"><subfield code="a">Mineralogie</subfield><subfield code="0">(DE-588)4039457-8</subfield><subfield code="2">gnd</subfield></datafield><datafield ind1=" " ind2="7" tag="650"><subfield code="a">Physikalische Chemie</subfield><subfield code="0">(DE-588)4045959-7</subfield><subfield code="2">gnd</subfield></datafield><datafield ind1=" " ind2="7" tag="650"><subfield code="a">Thermodynamik</subfield><subfield code="0">(DE-588)4059827-5</subfield><subfield code="2">gnd</subfield></datafield><datafield ind1=" " ind2="7" tag="650"><subfield code="a">Mineralien</subfield><subfield code="2">idsbb</subfield></datafield><datafield ind1=" " ind2="7" tag="650"><subfield code="a">Geochemie</subfield><subfield code="2">idsbb</subfield></datafield><datafield ind1=" " ind2="7" tag="650"><subfield code="a">Minéraux</subfield><subfield code="0">(IDREF)027313670</subfield><subfield code="2">idref</subfield></datafield><datafield ind1=" " ind2="7" tag="650"><subfield code="a">réaction chimique</subfield><subfield code="0">(RERO)A009972228</subfield><subfield code="2">rerovoc</subfield></datafield><datafield ind1=" " ind2="7" tag="650"><subfield code="a">Pétrologie</subfield><subfield code="0">(IDREF)027282120</subfield><subfield code="2">idref</subfield></datafield><datafield ind1=" " ind2="7" tag="650"><subfield code="a">Mélange</subfield><subfield code="0">(IDREF)031411061</subfield><subfield code="2">idref</subfield></datafield><datafield ind1=" " ind2="7" tag="650"><subfield code="a">Mineral</subfield><subfield code="0">(DE-588)4074836-4</subfield><subfield code="2">gnd</subfield></datafield><datafield ind1=" " ind2="7" tag="650"><subfield code="a">Feste Lösung</subfield><subfield code="0">(DE-588)4125421-1</subfield><subfield code="2">gnd</subfield></datafield><datafield ind1=" " ind2="7" tag="650"><subfield code="a">Phasengleichgewicht</subfield><subfield code="0">(DE-588)4132145-5</subfield><subfield code="2">gnd</subfield></datafield><datafield ind1=" " ind2="0" tag="650"><subfield code="a">Mineralogical chemistry</subfield></datafield><datafield ind1=" " ind2="0" tag="650"><subfield code="a">Mixtures</subfield></datafield><datafield ind1=" " ind2="7" tag="650"><subfield code="a">MINERALENTSTEHUNG + NATÜRLICHES VORKOMMEN + MINERALVARIETÄT (MINERALOGIE)</subfield><subfield code="9">ger</subfield><subfield code="0">(ETHUDK)000019683</subfield><subfield code="2">ethudk</subfield></datafield><datafield ind1=" " ind2="7" tag="650"><subfield code="a">PETROLOGIE + PETROGRAPHIE</subfield><subfield code="9">ger</subfield><subfield code="0">(ETHUDK)000020519</subfield><subfield code="2">ethudk</subfield></datafield><datafield ind1=" " ind2="7" tag="650"><subfield code="a">PHASEN (PHYSIKALISCHE CHEMIE)</subfield><subfield code="9">ger</subfield><subfield code="0">(ETHUDK)000015917</subfield><subfield code="2">ethudk</subfield></datafield><datafield ind1=" " ind2="7" tag="650"><subfield code="a">THERMODYNAMIK</subfield><subfield code="9">ger</subfield><subfield code="0">(ETHUDK)000015022</subfield><subfield code="2">ethudk</subfield></datafield><datafield ind1=" " ind2="7" tag="650"><subfield code="a">UNTERSUCHUNG, BESTIMMUNG UND MESSUNG VON MINERALEN UND IHREN EIGENSCHAFTEN (MINERALOGIE)</subfield><subfield code="9">ger</subfield><subfield code="0">(ETHUDK)000019684</subfield><subfield code="2">ethudk</subfield></datafield><datafield ind1=" " ind2=" " tag="690"><subfield code="a">Feste Lösung</subfield><subfield code="2">uzb-Z9</subfield></datafield><datafield ind1=" " ind2=" " tag="690"><subfield code="a">Gemisch</subfield><subfield code="2">uzb-Z9</subfield></datafield><datafield ind1=" " ind2=" " tag="690"><subfield code="a">Mineralchemie / 1900- ersch.</subfield><subfield code="2">uzb-Z9</subfield></datafield><datafield ind1="1" ind2=" " tag="700"><subfield code="a">Saxena, Surendra Kumar</subfield><subfield code="d">1936-....</subfield><subfield code="0">(IDREF)031647979</subfield></datafield><datafield ind1="1" ind2=" " tag="700"><subfield code="a">Saxena, Surendra K.</subfield><subfield code="d">1936-</subfield><subfield code="0">(DE-588)172354501</subfield></datafield><datafield ind1=" " ind2="0" tag="830"><subfield code="a">Minerals and rocks</subfield><subfield code="v">19</subfield><subfield code="w">(IDSBB)000007059DSV01</subfield></datafield><datafield ind1=" " ind2="0" tag="830"><subfield code="a">Minerals and rocks</subfield><subfield code="v">19</subfield><subfield code="w">(NEBIS)000024169EBI01</subfield></datafield><datafield ind1=" " ind2=" " tag="900"><subfield code="a">REROnoselfmerge</subfield></datafield></record>
</metadata></record>